%YAML 1.1
%TAG !u! tag:unity3d.com,2011:
--- !u!1 &963194225
GameObject:
  m_ObjectHideFlags: 0
  m_CorrespondingSourceObject: {fileID: 0}
  m_PrefabInstance: {fileID: 0}
  m_PrefabAsset: {fileID: 0}
  serializedVersion: 6
  m_Component:
  - component: {fileID: 963194228}
  - component: {fileID: 963194227}
  - component: {fileID: 963194226}
  m_Layer: 0
  m_Name: Main Camera
  m_TagString: MainCamera
  m_Icon: {fileID: 0}
  m_NavMeshLayer: 0
  m_StaticEditorFlags: 0
  m_IsActive: 1
--- !u!4 &963194228
Transform:
  m_ObjectHideFlags: 0
  m_CorrespondingSourceObject: {fileID: 0}
  m_PrefabInstance: {fileID: 0}
  m_PrefabAsset: {fileID: 0}
  m_GameObject: {fileID: 963194225}
  m_LocalRotation: {x: 0.25733837, y: -0, z: -0, w: 0.9663214}
  m_LocalPosition: {x: -0.06, y: 4.73, z: -3.9}
  m_LocalScale: {x: 1, y: 1, z: 1}
  m_Children: []
  m_Father: {fileID: 5998080129326869275}
  m_RootOrder: 2
  m_LocalEulerAnglesHint: {x: 29.824001, y: 0, z: 0}
--- !u!20 &963194227
Camera:
  m_ObjectHideFlags: 0
  m_CorrespondingSourceObject: {fileID: 0}
  m_PrefabInstance: {fileID: 0}
  m_PrefabAsset: {fileID: 0}
  m_GameObject: {fileID: 963194225}
  m_Enabled: 1
  serializedVersion: 2
  m_ClearFlags: 1
  m_BackGroundColor: {r: 0.19215687, g: 0.3019608, b: 0.4745098, a: 0}
  m_projectionMatrixMode: 1
  m_GateFitMode: 2
  m_FOVAxisMode: 0
  m_SensorSize: {x: 36, y: 24}
  m_LensShift: {x: 0, y: 0}
  m_FocalLength: 50
  m_NormalizedViewPortRect:
    serializedVersion: 2
    x: 0
    y: 0
    width: 1
    height: 1
  near clip plane: 0.3
  far clip plane: 1000
  field of view: 60
  orthographic: 0
  orthographic size: 5
  m_Depth: -1
  m_CullingMask:
    serializedVersion: 2
    m_Bits: 4294967295
  m_RenderingPath: -1
  m_TargetTexture: {fileID: 0}
  m_TargetDisplay: 0
  m_TargetEye: 3
  m_HDR: 1
  m_AllowMSAA: 1
  m_AllowDynamicResolution: 0
  m_ForceIntoRT: 0
  m_OcclusionCulling: 1
  m_StereoConvergence: 10
  m_StereoSeparation: 0.022
--- !u!81 &963194226
AudioListener:
  m_ObjectHideFlags: 0
  m_CorrespondingSourceObject: {fileID: 0}
  m_PrefabInstance: {fileID: 0}
  m_PrefabAsset: {fileID: 0}
  m_GameObject: {fileID: 963194225}
  m_Enabled: 1
--- !u!1 &593192591331960240
GameObject:
  m_ObjectHideFlags: 0
  m_CorrespondingSourceObject: {fileID: 0}
  m_PrefabInstance: {fileID: 0}
  m_PrefabAsset: {fileID: 0}
  serializedVersion: 6
  m_Component:
  - component: {fileID: 8774135783743270544}
  m_Layer: 0
  m_Name: WeaponObj
  m_TagString: Untagged
  m_Icon: {fileID: 0}
  m_NavMeshLayer: 0
  m_StaticEditorFlags: 0
  m_IsActive: 1
--- !u!4 &8774135783743270544
Transform:
  m_ObjectHideFlags: 0
  m_CorrespondingSourceObject: {fileID: 0}
  m_PrefabInstance: {fileID: 0}
  m_PrefabAsset: {fileID: 0}
  m_GameObject: {fileID: 593192591331960240}
  m_LocalRotation: {x: 0, y: 0, z: 0, w: 1}
  m_LocalPosition: {x: 0, y: 0, z: 0}
  m_LocalScale: {x: 1, y: 1, z: 1}
  m_Children:
  - {fileID: 4517865670235194813}
  m_Father: {fileID: 5998080129326869291}
  m_RootOrder: 6
  m_LocalEulerAnglesHint: {x: 0, y: 0, z: 0}
--- !u!65 &4514327375597261914
BoxCollider:
  m_ObjectHideFlags: 0
  m_CorrespondingSourceObject: {fileID: 0}
  m_PrefabInstance: {fileID: 0}
  m_PrefabAsset: {fileID: 0}
  m_GameObject: {fileID: 4514327375597261913}
  m_Material: {fileID: 0}
  m_IsTrigger: 1
  m_Enabled: 1
  serializedVersion: 2
  m_Size: {x: 0.1174176, y: 1.2041813, z: 0.053734522}
  m_Center: {x: -0.001949165, y: 1.0414976, z: -0.0042073736}
--- !u!114 &2092212463
MonoBehaviour:
  m_ObjectHideFlags: 0
  m_CorrespondingSourceObject: {fileID: 0}
  m_PrefabInstance: {fileID: 0}
  m_PrefabAsset: {fileID: 0}
  m_GameObject: {fileID: 4514327375597261913}
  m_Enabled: 1
  m_EditorHideFlags: 0
  m_Script: {fileID: 11500000, guid: eade0e9f085dec3448a5ab9762e001bf, type: 3}
  m_Name: 
  m_EditorClassIdentifier: 
--- !u!1 &5998080129326970609
GameObject:
  m_ObjectHideFlags: 0
  m_CorrespondingSourceObject: {fileID: 0}
  m_PrefabInstance: {fileID: 0}
  m_PrefabAsset: {fileID: 0}
  serializedVersion: 6
  m_Component:
  - component: {fileID: 5998080129326869265}
  m_Layer: 0
  m_Name: B_R_UpperArm
  m_TagString: Untagged
  m_Icon: {fileID: 0}
  m_NavMeshLayer: 0
  m_StaticEditorFlags: 0
  m_IsActive: 1
--- !u!4 &5998080129326869265
Transform:
  m_ObjectHideFlags: 0
  m_CorrespondingSourceObject: {fileID: 0}
  m_PrefabInstance: {fileID: 0}
  m_PrefabAsset: {fileID: 0}
  m_GameObject: {fileID: 5998080129326970609}
  m_LocalRotation: {x: -0.065984234, y: 0.4408319, z: 0.022487931, w: 0.89487857}
  m_LocalPosition: {x: -0.2720356, y: 0.0000001716614, z: 0.0000001525879}
  m_LocalScale: {x: 1, y: 1, z: 0.9999999}
  m_Children:
  - {fileID: 5998080129326869289}
  m_Father: {fileID: 5998080129326869319}
  m_RootOrder: 0
  m_LocalEulerAnglesHint: {x: 0, y: 0, z: 0}
--- !u!1 &5998080129326970611
GameObject:
  m_ObjectHideFlags: 0
  m_CorrespondingSourceObject: {fileID: 0}
  m_PrefabInstance: {fileID: 0}
  m_PrefabAsset: {fileID: 0}
  serializedVersion: 6
  m_Component:
  - component: {fileID: 5998080129326869267}
  m_Layer: 0
  m_Name: B_Spine
  m_TagString: Untagged
  m_Icon: {fileID: 0}
  m_NavMeshLayer: 0
  m_StaticEditorFlags: 0
  m_IsActive: 1
--- !u!4 &5998080129326869267
Transform:
  m_ObjectHideFlags: 0
  m_CorrespondingSourceObject: {fileID: 0}
  m_PrefabInstance: {fileID: 0}
  m_PrefabAsset: {fileID: 0}
  m_GameObject: {fileID: 5998080129326970611}
  m_LocalRotation: {x: -0.0000016034633, y: -0.000000023096826, z: 0.005728032, w: 0.9999836}
  m_LocalPosition: {x: -0.09260315, y: 0.03395594, z: -0.000000051138247}
  m_LocalScale: {x: 1, y: 1, z: 1}
  m_Children:
  - {fileID: 5998080129326869269}
  m_Father: {fileID: 5998080129326869315}
  m_RootOrder: 2
  m_LocalEulerAnglesHint: {x: 0, y: 0, z: 0}
--- !u!1 &5998080129326970613
GameObject:
  m_ObjectHideFlags: 0
  m_CorrespondingSourceObject: {fileID: 0}
  m_PrefabInstance: {fileID: 0}
  m_PrefabAsset: {fileID: 0}
  serializedVersion: 6
  m_Component:
  - component: {fileID: 5998080129326869269}
  m_Layer: 0
  m_Name: B_Spine1
  m_TagString: Untagged
  m_Icon: {fileID: 0}
  m_NavMeshLayer: 0
  m_StaticEditorFlags: 0
  m_IsActive: 1
--- !u!4 &5998080129326869269
Transform:
  m_ObjectHideFlags: 0
  m_CorrespondingSourceObject: {fileID: 0}
  m_PrefabInstance: {fileID: 0}
  m_PrefabAsset: {fileID: 0}
  m_GameObject: {fileID: 5998080129326970613}
  m_LocalRotation: {x: -3.9596923e-14, y: -0.00000013091491, z: 0.0719342, w: 0.9974094}
  m_LocalPosition: {x: -0.1762944, y: -0.00019911288, z: -3.6237e-10}
  m_LocalScale: {x: 0.9999999, y: 0.9999999, z: 1}
  m_Children:
  - {fileID: 5998080129326869271}
  m_Father: {fileID: 5998080129326869267}
  m_RootOrder: 0
  m_LocalEulerAnglesHint: {x: 0, y: 0, z: 0}
--- !u!1 &5998080129326970615
GameObject:
  m_ObjectHideFlags: 0
  m_CorrespondingSourceObject: {fileID: 0}
  m_PrefabInstance: {fileID: 0}
  m_PrefabAsset: {fileID: 0}
  serializedVersion: 6
  m_Component:
  - component: {fileID: 5998080129326869271}
  m_Layer: 0
  m_Name: B_Spine2
  m_TagString: Untagged
  m_Icon: {fileID: 0}
  m_NavMeshLayer: 0
  m_StaticEditorFlags: 0
  m_IsActive: 1
--- !u!4 &5998080129326869271
Transform:
  m_ObjectHideFlags: 0
  m_CorrespondingSourceObject: {fileID: 0}
  m_PrefabInstance: {fileID: 0}
  m_PrefabAsset: {fileID: 0}
  m_GameObject: {fileID: 5998080129326970615}
  m_LocalRotation: {x: -0.0000007148837, y: 0.00000008177068, z: -0.03225411, w: 0.9994797}
  m_LocalPosition: {x: -0.2526939, y: -0.0001604652, z: -2.920569e-10}
  m_LocalScale: {x: 1, y: 1, z: 1}
  m_Children:
  - {fileID: 5998080129326869365}
  - {fileID: 5998080129326869313}
  - {fileID: 5998080129326869319}
  m_Father: {fileID: 5998080129326869269}
  m_RootOrder: 0
  m_LocalEulerAnglesHint: {x: 0, y: 0, z: 0}
--- !u!1 &5998080129326970617
GameObject:
  m_ObjectHideFlags: 0
  m_CorrespondingSourceObject: {fileID: 0}
  m_PrefabInstance: {fileID: 0}
  m_PrefabAsset: {fileID: 0}
  serializedVersion: 6
  m_Component:
  - component: {fileID: 5998080129326869273}
  m_Layer: 0
  m_Name: Motion
  m_TagString: Untagged
  m_Icon: {fileID: 0}
  m_NavMeshLayer: 0
  m_StaticEditorFlags: 0
  m_IsActive: 1
--- !u!4 &5998080129326869273
Transform:
  m_ObjectHideFlags: 0
  m_CorrespondingSourceObject: {fileID: 0}
  m_PrefabInstance: {fileID: 0}
  m_PrefabAsset: {fileID: 0}
  m_GameObject: {fileID: 5998080129326970617}
  m_LocalRotation: {x: -0.50000036, y: 0.49999967, z: 0.49999967, w: 0.50000036}
  m_LocalPosition: {x: 0, y: 0, z: 0}
  m_LocalScale: {x: 1, y: 1, z: 1}
  m_Children:
  - {fileID: 5998080129326869315}
  m_Father: {fileID: 5998080129326869275}
  m_RootOrder: 0
  m_LocalEulerAnglesHint: {x: 0, y: 0, z: 0}
--- !u!1 &5998080129326970619
GameObject:
  m_ObjectHideFlags: 0
  m_CorrespondingSourceObject: {fileID: 0}
  m_PrefabInstance: {fileID: 0}
  m_PrefabAsset: {fileID: 0}
  serializedVersion: 6
  m_Component:
  - component: {fileID: 5998080129326869275}
  - component: {fileID: 5998080129317569681}
  - component: {fileID: 1482544298}
  - component: {fileID: 1482544299}
  - component: {fileID: 722284947}
  m_Layer: 0
  m_Name: RPG-Character-Blender
  m_TagString: Untagged
  m_Icon: {fileID: 0}
  m_NavMeshLayer: 0
  m_StaticEditorFlags: 0
  m_IsActive: 1
--- !u!4 &5998080129326869275
Transform:
  m_ObjectHideFlags: 0
  m_CorrespondingSourceObject: {fileID: 0}
  m_PrefabInstance: {fileID: 0}
  m_PrefabAsset: {fileID: 0}
  m_GameObject: {fileID: 5998080129326970619}
  m_LocalRotation: {x: 0, y: 0, z: 0, w: 1}
  m_LocalPosition: {x: 2.07, y: 0.084, z: 6.385}
  m_LocalScale: {x: 1, y: 1, z: 1}
  m_Children:
  - {fileID: 5998080129326869273}
  - {fileID: 5998080129326869277}
  - {fileID: 963194228}
  m_Father: {fileID: 0}
  m_RootOrder: 0
  m_LocalEulerAnglesHint: {x: 0, y: 0, z: 0}
--- !u!95 &5998080129317569681
Animator:
  serializedVersion: 3
  m_ObjectHideFlags: 0
  m_CorrespondingSourceObject: {fileID: 0}
  m_PrefabInstance: {fileID: 0}
  m_PrefabAsset: {fileID: 0}
  m_GameObject: {fileID: 5998080129326970619}
  m_Enabled: 1
  m_Avatar: {fileID: 9000000, guid: e42d9259129992a4d95e0b320ca2a43d, type: 3}
  m_Controller: {fileID: 9100000, guid: 7ff0cf27ed8e9684b9bdd381bab1f846, type: 2}
  m_CullingMode: 1
  m_UpdateMode: 0
  m_ApplyRootMotion: 0
  m_LinearVelocityBlending: 0
  m_WarningMessage: 
  m_HasTransformHierarchy: 1
  m_AllowConstantClipSamplingOptimization: 1
  m_KeepAnimatorControllerStateOnDisable: 0
--- !u!54 &1482544298
Rigidbody:
  m_ObjectHideFlags: 0
  m_CorrespondingSourceObject: {fileID: 0}
  m_PrefabInstance: {fileID: 0}
  m_PrefabAsset: {fileID: 0}
  m_GameObject: {fileID: 5998080129326970619}
  serializedVersion: 2
  m_Mass: 10000
  m_Drag: 0
  m_AngularDrag: 90
  m_UseGravity: 1
  m_IsKinematic: 0
  m_Interpolate: 0
  m_Constraints: 80
  m_CollisionDetection: 0
--- !u!136 &1482544299
CapsuleCollider:
  m_ObjectHideFlags: 0
  m_CorrespondingSourceObject: {fileID: 0}
  m_PrefabInstance: {fileID: 0}
  m_PrefabAsset: {fileID: 0}
  m_GameObject: {fileID: 5998080129326970619}
  m_Material: {fileID: 0}
  m_IsTrigger: 0
  m_Enabled: 1
  m_Radius: 0.5
  m_Height: 2.5
  m_Direction: 1
  m_Center: {x: 0, y: 1.22, z: 0}
--- !u!114 &722284947
MonoBehaviour:
  m_ObjectHideFlags: 0
  m_CorrespondingSourceObject: {fileID: 0}
  m_PrefabInstance: {fileID: 0}
  m_PrefabAsset: {fileID: 0}
  m_GameObject: {fileID: 5998080129326970619}
  m_Enabled: 1
  m_EditorHideFlags: 0
  m_Script: {fileID: 11500000, guid: 80444bc86db44684591cec75da4ac96a, type: 3}
  m_Name: 
  m_EditorClassIdentifier: 
  _Anim: {fileID: 0}
  _Rig: {fileID: 0}
  _Camera: {fileID: 0}
  _Weapon: {fileID: 0}
  HP: 100
  MP: 100
  _MoveSpeed: 3
  _AxisSensitivity: 0.48
  _Level: 1
--- !u!1 &5998080129326970621
GameObject:
  m_ObjectHideFlags: 0
  m_CorrespondingSourceObject: {fileID: 0}
  m_PrefabInstance: {fileID: 0}
  m_PrefabAsset: {fileID: 0}
  serializedVersion: 6
  m_Component:
  - component: {fileID: 5998080129326869277}
  - component: {fileID: 5998080129313307217}
  m_Layer: 0
  m_Name: RPG-Character-Mesh
  m_TagString: Untagged
  m_Icon: {fileID: 0}
  m_NavMeshLayer: 0
  m_StaticEditorFlags: 0
  m_IsActive: 1
--- !u!4 &5998080129326869277
Transform:
  m_ObjectHideFlags: 0
  m_CorrespondingSourceObject: {fileID: 0}
  m_PrefabInstance: {fileID: 0}
  m_PrefabAsset: {fileID: 0}
  m_GameObject: {fileID: 5998080129326970621}
  m_LocalRotation: {x: 0, y: 0, z: 0, w: 1}
  m_LocalPosition: {x: 0, y: 1.7085, z: 0}
  m_LocalScale: {x: 1, y: 1, z: 1}
  m_Children: []
  m_Father: {fileID: 5998080129326869275}
  m_RootOrder: 1
  m_LocalEulerAnglesHint: {x: 0, y: 0, z: 0}
--- !u!137 &5998080129313307217
SkinnedMeshRenderer:
  m_ObjectHideFlags: 0
  m_CorrespondingSourceObject: {fileID: 0}
  m_PrefabInstance: {fileID: 0}
  m_PrefabAsset: {fileID: 0}
  m_GameObject: {fileID: 5998080129326970621}
  m_Enabled: 1
  m_CastShadows: 1
  m_ReceiveShadows: 1
  m_DynamicOccludee: 0
  m_MotionVectors: 1
  m_LightProbeUsage: 1
  m_ReflectionProbeUsage: 1
  m_RenderingLayerMask: 1
  m_RendererPriority: 0
  m_Materials:
  - {fileID: 2100000, guid: ad8c2bee857aaca4dbcf348b7e988a44, type: 2}
  m_StaticBatchInfo:
    firstSubMesh: 0
    subMeshCount: 0
  m_StaticBatchRoot: {fileID: 0}
  m_ProbeAnchor: {fileID: 0}
  m_LightProbeVolumeOverride: {fileID: 0}
  m_ScaleInLightmap: 1
  m_PreserveUVs: 0
  m_IgnoreNormalsForChartDetection: 0
  m_ImportantGI: 0
  m_StitchLightmapSeams: 1
  m_SelectedEditorRenderState: 3
  m_MinimumChartSize: 4
  m_AutoUVMaxDistance: 0.5
  m_AutoUVMaxAngle: 89
  m_LightmapParameters: {fileID: 0}
  m_SortingLayerID: 0
  m_SortingLayer: 0
  m_SortingOrder: 0
  serializedVersion: 2
  m_Quality: 0
  m_UpdateWhenOffscreen: 0
  m_SkinnedMotionVectors: 1
  m_Mesh: {fileID: 4300000, guid: 1d6dec27ae39bb447b8a0ada31d13664, type: 3}
  m_Bones:
  - {fileID: 5998080129326869269}
  - {fileID: 5998080129326869271}
  - {fileID: 5998080129326869265}
  - {fileID: 5998080129326869343}
  - {fileID: 5998080129326869313}
  - {fileID: 5998080129326869361}
  - {fileID: 5998080129326869363}
  - {fileID: 5998080129326869339}
  - {fileID: 5998080129326869315}
  - {fileID: 5998080129326869267}
  - {fileID: 5998080129326869273}
  - {fileID: 5998080129326869333}
  - {fileID: 5998080129326869341}
  - {fileID: 5998080129326869335}
  - {fileID: 5998080129326869365}
  - {fileID: 5998080129326869337}
  - {fileID: 5998080129326869317}
  - {fileID: 5998080129326869293}
  - {fileID: 5998080129326869287}
  - {fileID: 5998080129326869295}
  - {fileID: 5998080129326869289}
  - {fileID: 5998080129326869319}
  - {fileID: 5998080129326869291}
  - {fileID: 5998080129326869321}
  - {fileID: 5998080129326869323}
  - {fileID: 5998080129326869325}
  - {fileID: 5998080129326869327}
  - {fileID: 5998080129326869301}
  - {fileID: 5998080129326869297}
  - {fileID: 5998080129326869373}
  - {fileID: 5998080129326869367}
  - {fileID: 5998080129326869347}
  - {fileID: 5998080129326869375}
  - {fileID: 5998080129326869371}
  - {fileID: 5998080129326869353}
  - {fileID: 5998080129326869355}
  - {fileID: 5998080129326869359}
  - {fileID: 5998080129326869329}
  - {fileID: 5998080129326869331}
  - {fileID: 5998080129326869369}
  - {fileID: 5998080129326869349}
  - {fileID: 5998080129326869345}
  - {fileID: 5998080129326869351}
  - {fileID: 5998080129326869357}
  - {fileID: 5998080129326869307}
  - {fileID: 5998080129326869309}
  - {fileID: 5998080129326869281}
  - {fileID: 5998080129326869283}
  - {fileID: 5998080129326869285}
  - {fileID: 5998080129326869303}
  - {fileID: 5998080129326869299}
  - {fileID: 5998080129326869305}
  - {fileID: 5998080129326869311}
  m_BlendShapeWeights: []
  m_RootBone: {fileID: 5998080129326869273}
  m_AABB:
    m_Center: {x: -0.022933573, y: 0.00025966763, z: 1.2856226}
    m_Extent: {x: 0.28655216, y: 0.8891915, z: 1.3050954}
  m_DirtyAABB: 0
--- !u!1 &5998080129326970625
GameObject:
  m_ObjectHideFlags: 0
  m_CorrespondingSourceObject: {fileID: 0}
  m_PrefabInstance: {fileID: 0}
  m_PrefabAsset: {fileID: 0}
  serializedVersion: 6
  m_Component:
  - component: {fileID: 5998080129326869281}
  m_Layer: 0
  m_Name: B_R_Finger4
  m_TagString: Untagged
  m_Icon: {fileID: 0}
  m_NavMeshLayer: 0
  m_StaticEditorFlags: 0
  m_IsActive: 1
--- !u!4 &5998080129326869281
Transform:
  m_ObjectHideFlags: 0
  m_CorrespondingSourceObject: {fileID: 0}
  m_PrefabInstance: {fileID: 0}
  m_PrefabAsset: {fileID: 0}
  m_GameObject: {fileID: 5998080129326970625}
  m_LocalRotation: {x: 0.00039836267, y: -0.00000004096631, z: 0.00000002981864, w: 0.99999994}
  m_LocalPosition: {x: -0.1731516, y: -0.02626312, z: -0.06989322}
  m_LocalScale: {x: 1, y: 1.000001, z: 1.000001}
  m_Children:
  - {fileID: 5998080129326869283}
  m_Father: {fileID: 5998080129326869291}
  m_RootOrder: 4
  m_LocalEulerAnglesHint: {x: 0, y: 0, z: 0}
--- !u!1 &5998080129326970627
GameObject:
  m_ObjectHideFlags: 0
  m_CorrespondingSourceObject: {fileID: 0}
  m_PrefabInstance: {fileID: 0}
  m_PrefabAsset: {fileID: 0}
  serializedVersion: 6
  m_Component:
  - component: {fileID: 5998080129326869283}
  m_Layer: 0
  m_Name: B_R_Finger41
  m_TagString: Untagged
  m_Icon: {fileID: 0}
  m_NavMeshLayer: 0
  m_StaticEditorFlags: 0
  m_IsActive: 1
--- !u!4 &5998080129326869283
Transform:
  m_ObjectHideFlags: 0
  m_CorrespondingSourceObject: {fileID: 0}
  m_PrefabInstance: {fileID: 0}
  m_PrefabAsset: {fileID: 0}
  m_GameObject: {fileID: 5998080129326970627}
  m_LocalRotation: {x: -0.00000004201596, y: -0.00000009447165, z: -0.11640207, w: 0.9932022}
  m_LocalPosition: {x: -0.04532341, y: 0.0000001525879, z: 0.0000002813339}
  m_LocalScale: {x: 1, y: 1, z: 1}
  m_Children:
  - {fileID: 5998080129326869285}
  m_Father: {fileID: 5998080129326869281}
  m_RootOrder: 0
  m_LocalEulerAnglesHint: {x: 0, y: 0, z: 0}
--- !u!1 &5998080129326970629
GameObject:
  m_ObjectHideFlags: 0
  m_CorrespondingSourceObject: {fileID: 0}
  m_PrefabInstance: {fileID: 0}
  m_PrefabAsset: {fileID: 0}
  serializedVersion: 6
  m_Component:
  - component: {fileID: 5998080129326869285}
  m_Layer: 0
  m_Name: B_R_Finger42
  m_TagString: Untagged
  m_Icon: {fileID: 0}
  m_NavMeshLayer: 0
  m_StaticEditorFlags: 0
  m_IsActive: 1
--- !u!4 &5998080129326869285
Transform:
  m_ObjectHideFlags: 0
  m_CorrespondingSourceObject: {fileID: 0}
  m_PrefabInstance: {fileID: 0}
  m_PrefabAsset: {fileID: 0}
  m_GameObject: {fileID: 5998080129326970629}
  m_LocalRotation: {x: 0.0000000067198362, y: -0.00000007392792, z: -0.11640197, w: 0.9932022}
  m_LocalPosition: {x: -0.045324102, y: 0.00000022888179, z: -0.00000007152557}
  m_LocalScale: {x: 0.9999999, y: 1, z: 1}
  m_Children: []
  m_Father: {fileID: 5998080129326869283}
  m_RootOrder: 0
  m_LocalEulerAnglesHint: {x: 0, y: 0, z: 0}
--- !u!1 &5998080129326970631
GameObject:
  m_ObjectHideFlags: 0
  m_CorrespondingSourceObject: {fileID: 0}
  m_PrefabInstance: {fileID: 0}
  m_PrefabAsset: {fileID: 0}
  serializedVersion: 6
  m_Component:
  - component: {fileID: 5998080129326869287}
  m_Layer: 0
  m_Name: B_R_Foot
  m_TagString: Untagged
  m_Icon: {fileID: 0}
  m_NavMeshLayer: 0
  m_StaticEditorFlags: 0
  m_IsActive: 1
--- !u!4 &5998080129326869287
Transform:
  m_ObjectHideFlags: 0
  m_CorrespondingSourceObject: {fileID: 0}
  m_PrefabInstance: {fileID: 0}
  m_PrefabAsset: {fileID: 0}
  m_GameObject: {fileID: 5998080129326970631}
  m_LocalRotation: {x: 0.00804224, y: -0.030146819, z: -0.055045996, w: 0.9979962}
  m_LocalPosition: {x: -0.5950507, y: -0.000000009536743, z: 0.000000057220458}
  m_LocalScale: {x: 0.9999999, y: 0.9999998, z: 1}
  m_Children:
  - {fileID: 5998080129326869295}
  m_Father: {fileID: 5998080129326869317}
  m_RootOrder: 0
  m_LocalEulerAnglesHint: {x: 0, y: 0, z: 0}
--- !u!1 &5998080129326970633
GameObject:
  m_ObjectHideFlags: 0
  m_CorrespondingSourceObject: {fileID: 0}
  m_PrefabInstance: {fileID: 0}
  m_PrefabAsset: {fileID: 0}
  serializedVersion: 6
  m_Component:
  - component: {fileID: 5998080129326869289}
  m_Layer: 0
  m_Name: B_R_Forearm
  m_TagString: Untagged
  m_Icon: {fileID: 0}
  m_NavMeshLayer: 0
  m_StaticEditorFlags: 0
  m_IsActive: 1
--- !u!4 &5998080129326869289
Transform:
  m_ObjectHideFlags: 0
  m_CorrespondingSourceObject: {fileID: 0}
  m_PrefabInstance: {fileID: 0}
  m_PrefabAsset: {fileID: 0}
  m_GameObject: {fileID: 5998080129326970633}
  m_LocalRotation: {x: 0.000000113542924, y: 0.000000089654286, z: 0.0021765663, w: 0.9999977}
  m_LocalPosition: {x: -0.35551187, y: 0.00000002384186, z: 0}
  m_LocalScale: {x: 1, y: 0.9999998, z: 1}
  m_Children:
  - {fileID: 5998080129326869291}
  m_Father: {fileID: 5998080129326869265}
  m_RootOrder: 0
  m_LocalEulerAnglesHint: {x: 0, y: 0, z: 0}
--- !u!1 &5998080129326970635
GameObject:
  m_ObjectHideFlags: 0
  m_CorrespondingSourceObject: {fileID: 0}
  m_PrefabInstance: {fileID: 0}
  m_PrefabAsset: {fileID: 0}
  serializedVersion: 6
  m_Component:
  - component: {fileID: 5998080129326869291}
  m_Layer: 0
  m_Name: B_R_Hand
  m_TagString: Untagged
  m_Icon: {fileID: 0}
  m_NavMeshLayer: 0
  m_StaticEditorFlags: 0
  m_IsActive: 1
--- !u!4 &5998080129326869291
Transform:
  m_ObjectHideFlags: 0
  m_CorrespondingSourceObject: {fileID: 0}
  m_PrefabInstance: {fileID: 0}
  m_PrefabAsset: {fileID: 0}
  m_GameObject: {fileID: 5998080129326970635}
  m_LocalRotation: {x: 0.72027504, y: 0.030072812, z: -0.023694396, w: 0.6926313}
  m_LocalPosition: {x: -0.3548962, y: -0.000000085830685, z: -0.0000003051758}
  m_LocalScale: {x: 1, y: 1, z: 1}
  m_Children:
  - {fileID: 5998080129326869321}
  - {fileID: 5998080129326869327}
  - {fileID: 5998080129326869301}
  - {fileID: 5998080129326869307}
  - {fileID: 5998080129326869281}
  - {fileID: 5998080129131782360}
  - {fileID: 8774135783743270544}
  m_Father: {fileID: 5998080129326869289}
  m_RootOrder: 0
  m_LocalEulerAnglesHint: {x: 0, y: 0, z: 0}
--- !u!1 &5998080129326970637
GameObject:
  m_ObjectHideFlags: 0
  m_CorrespondingSourceObject: {fileID: 0}
  m_PrefabInstance: {fileID: 0}
  m_PrefabAsset: {fileID: 0}
  serializedVersion: 6
  m_Component:
  - component: {fileID: 5998080129326869293}
  m_Layer: 0
  m_Name: B_R_Thigh
  m_TagString: Untagged
  m_Icon: {fileID: 0}
  m_NavMeshLayer: 0
  m_StaticEditorFlags: 0
  m_IsActive: 1
--- !u!4 &5998080129326869293
Transform:
  m_ObjectHideFlags: 0
  m_CorrespondingSourceObject: {fileID: 0}
  m_PrefabInstance: {fileID: 0}
  m_PrefabAsset: {fileID: 0}
  m_GameObject: {fileID: 5998080129326970637}
  m_LocalRotation: {x: 0.0056883297, y: 0.99954396, z: -0.0002093063, w: -0.029655753}
  m_LocalPosition: {x: -0, y: -0.0000001022965, z: -0.1165233}
  m_LocalScale: {x: 0.9999999, y: 1, z: 1}
  m_Children:
  - {fileID: 5998080129326869317}
  m_Father: {fileID: 5998080129326869315}
  m_RootOrder: 1
  m_LocalEulerAnglesHint: {x: 0, y: 0, z: 0}
--- !u!1 &5998080129326970639
GameObject:
  m_ObjectHideFlags: 0
  m_CorrespondingSourceObject: {fileID: 0}
  m_PrefabInstance: {fileID: 0}
  m_PrefabAsset: {fileID: 0}
  serializedVersion: 6
  m_Component:
  - component: {fileID: 5998080129326869295}
  m_Layer: 0
  m_Name: B_R_Toe0
  m_TagString: Untagged
  m_Icon: {fileID: 0}
  m_NavMeshLayer: 0
  m_StaticEditorFlags: 0
  m_IsActive: 1
--- !u!4 &5998080129326869295
Transform:
  m_ObjectHideFlags: 0
  m_CorrespondingSourceObject: {fileID: 0}
  m_PrefabInstance: {fileID: 0}
  m_PrefabAsset: {fileID: 0}
  m_GameObject: {fileID: 5998080129326970639}
  m_LocalRotation: {x: 0.000000017061474, y: -0.000000058525785, z: -0.7132062, w: 0.7009543}
  m_LocalPosition: {x: -0.14912969, y: 0.2427668, z: 0.00264801}
  m_LocalScale: {x: 1, y: 1, z: 1}
  m_Children: []
  m_Father: {fileID: 5998080129326869287}
  m_RootOrder: 0
  m_LocalEulerAnglesHint: {x: 0, y: 0, z: 0}
--- !u!1 &5998080129326970641
GameObject:
  m_ObjectHideFlags: 0
  m_CorrespondingSourceObject: {fileID: 0}
  m_PrefabInstance: {fileID: 0}
  m_PrefabAsset: {fileID: 0}
  serializedVersion: 6
  m_Component:
  - component: {fileID: 5998080129326869297}
  m_Layer: 0
  m_Name: B_R_Finger11
  m_TagString: Untagged
  m_Icon: {fileID: 0}
  m_NavMeshLayer: 0
  m_StaticEditorFlags: 0
  m_IsActive: 1
--- !u!4 &5998080129326869297
Transform:
  m_ObjectHideFlags: 0
  m_CorrespondingSourceObject: {fileID: 0}
  m_PrefabInstance: {fileID: 0}
  m_PrefabAsset: {fileID: 0}
  m_GameObject: {fileID: 5998080129326970641}
  m_LocalRotation: {x: 3.19492e-10, y: 0.00000013874168, z: -0.11640197, w: 0.9932022}
  m_LocalPosition: {x: -0.05438854, y: 0, z: 0.0000000667572}
  m_LocalScale: {x: 1, y: 0.9999998, z: 1}
  m_Children:
  - {fileID: 5998080129326869299}
  m_Father: {fileID: 5998080129326869327}
  m_RootOrder: 0
  m_LocalEulerAnglesHint: {x: 0, y: 0, z: 0}
--- !u!1 &5998080129326970643
GameObject:
  m_ObjectHideFlags: 0
  m_CorrespondingSourceObject: {fileID: 0}
  m_PrefabInstance: {fileID: 0}
  m_PrefabAsset: {fileID: 0}
  serializedVersion: 6
  m_Component:
  - component: {fileID: 5998080129326869299}
  m_Layer: 0
  m_Name: B_R_Finger12
  m_TagString: Untagged
  m_Icon: {fileID: 0}
  m_NavMeshLayer: 0
  m_StaticEditorFlags: 0
  m_IsActive: 1
--- !u!4 &5998080129326869299
Transform:
  m_ObjectHideFlags: 0
  m_CorrespondingSourceObject: {fileID: 0}
  m_PrefabInstance: {fileID: 0}
  m_PrefabAsset: {fileID: 0}
  m_GameObject: {fileID: 5998080129326970643}
  m_LocalRotation: {x: 0.000000015882488, y: -0.00000012376199, z: -0.11640207, w: 0.9932022}
  m_LocalPosition: {x: -0.05438866, y: 0, z: -0.00000011920929}
  m_LocalScale: {x: 0.9999999, y: 1, z: 0.9999996}
  m_Children: []
  m_Father: {fileID: 5998080129326869297}
  m_RootOrder: 0
  m_LocalEulerAnglesHint: {x: 0, y: 0, z: 0}
--- !u!1 &5998080129326970645
GameObject:
  m_ObjectHideFlags: 0
  m_CorrespondingSourceObject: {fileID: 0}
  m_PrefabInstance: {fileID: 0}
  m_PrefabAsset: {fileID: 0}
  serializedVersion: 6
  m_Component:
  - component: {fileID: 5998080129326869301}
  m_Layer: 0
  m_Name: B_R_Finger2
  m_TagString: Untagged
  m_Icon: {fileID: 0}
  m_NavMeshLayer: 0
  m_StaticEditorFlags: 0
  m_IsActive: 1
--- !u!4 &5998080129326869301
Transform:
  m_ObjectHideFlags: 0
  m_CorrespondingSourceObject: {fileID: 0}
  m_PrefabInstance: {fileID: 0}
  m_PrefabAsset: {fileID: 0}
  m_GameObject: {fileID: 5998080129326970645}
  m_LocalRotation: {x: 0.00039810687, y: -0.000000058685185, z: -0.000000029778967,
    w: 0.99999994}
  m_LocalPosition: {x: -0.17315139, y: -0.02632538, z: 0.0089935865}
  m_LocalScale: {x: 0.9999999, y: 1, z: 0.9999998}
  m_Children:
  - {fileID: 5998080129326869303}
  m_Father: {fileID: 5998080129326869291}
  m_RootOrder: 2
  m_LocalEulerAnglesHint: {x: 0, y: 0, z: 0}
--- !u!1 &5998080129326970647
GameObject:
  m_ObjectHideFlags: 0
  m_CorrespondingSourceObject: {fileID: 0}
  m_PrefabInstance: {fileID: 0}
  m_PrefabAsset: {fileID: 0}
  serializedVersion: 6
  m_Component:
  - component: {fileID: 5998080129326869303}
  m_Layer: 0
  m_Name: B_R_Finger21
  m_TagString: Untagged
  m_Icon: {fileID: 0}
  m_NavMeshLayer: 0
  m_StaticEditorFlags: 0
  m_IsActive: 1
--- !u!4 &5998080129326869303
Transform:
  m_ObjectHideFlags: 0
  m_CorrespondingSourceObject: {fileID: 0}
  m_PrefabInstance: {fileID: 0}
  m_PrefabAsset: {fileID: 0}
  m_GameObject: {fileID: 5998080129326970647}
  m_LocalRotation: {x: 0.000000010493746, y: 0.00000007753667, z: -0.11640207, w: 0.9932022}
  m_LocalPosition: {x: -0.06345337, y: -0.0000001525879, z: -0.0000003170967}
  m_LocalScale: {x: 1, y: 1, z: 1}
  m_Children:
  - {fileID: 5998080129326869305}
  m_Father: {fileID: 5998080129326869301}
  m_RootOrder: 0
  m_LocalEulerAnglesHint: {x: 0, y: 0, z: 0}
--- !u!1 &5998080129326970649
GameObject:
  m_ObjectHideFlags: 0
  m_CorrespondingSourceObject: {fileID: 0}
  m_PrefabInstance: {fileID: 0}
  m_PrefabAsset: {fileID: 0}
  serializedVersion: 6
  m_Component:
  - component: {fileID: 5998080129326869305}
  m_Layer: 0
  m_Name: B_R_Finger22
  m_TagString: Untagged
  m_Icon: {fileID: 0}
  m_NavMeshLayer: 0
  m_StaticEditorFlags: 0
  m_IsActive: 1
--- !u!4 &5998080129326869305
Transform:
  m_ObjectHideFlags: 0
  m_CorrespondingSourceObject: {fileID: 0}
  m_PrefabInstance: {fileID: 0}
  m_PrefabAsset: {fileID: 0}
  m_GameObject: {fileID: 5998080129326970649}
  m_LocalRotation: {x: -0.000000021535092, y: -0.000000008728483, z: -0.11640197,
    w: 0.9932022}
  m_LocalPosition: {x: -0.06345314, y: 0.00000007629395, z: 0.0000002717972}
  m_LocalScale: {x: 0.9999999, y: 0.9999997, z: 0.9999998}
  m_Children: []
  m_Father: {fileID: 5998080129326869303}
  m_RootOrder: 0
  m_LocalEulerAnglesHint: {x: 0, y: 0, z: 0}
--- !u!1 &5998080129326970651
GameObject:
  m_ObjectHideFlags: 0
  m_CorrespondingSourceObject: {fileID: 0}
  m_PrefabInstance: {fileID: 0}
  m_PrefabAsset: {fileID: 0}
  serializedVersion: 6
  m_Component:
  - component: {fileID: 5998080129326869307}
  m_Layer: 0
  m_Name: B_R_Finger3
  m_TagString: Untagged
  m_Icon: {fileID: 0}
  m_NavMeshLayer: 0
  m_StaticEditorFlags: 0
  m_IsActive: 1
--- !u!4 &5998080129326869307
Transform:
  m_ObjectHideFlags: 0
  m_CorrespondingSourceObject: {fileID: 0}
  m_PrefabInstance: {fileID: 0}
  m_PrefabAsset: {fileID: 0}
  m_GameObject: {fileID: 5998080129326970651}
  m_LocalRotation: {x: 0.00039812826, y: 0.000000011181807, z: 0.000000014896717,
    w: 0.99999994}
  m_LocalPosition: {x: -0.1731516, y: -0.026293179, z: -0.03144617}
  m_LocalScale: {x: 0.9999998, y: 1, z: 1}
  m_Children:
  - {fileID: 5998080129326869309}
  m_Father: {fileID: 5998080129326869291}
  m_RootOrder: 3
  m_LocalEulerAnglesHint: {x: 0, y: 0, z: 0}
--- !u!1 &5998080129326970653
GameObject:
  m_ObjectHideFlags: 0
  m_CorrespondingSourceObject: {fileID: 0}
  m_PrefabInstance: {fileID: 0}
  m_PrefabAsset: {fileID: 0}
  serializedVersion: 6
  m_Component:
  - component: {fileID: 5998080129326869309}
  m_Layer: 0
  m_Name: B_R_Finger31
  m_TagString: Untagged
  m_Icon: {fileID: 0}
  m_NavMeshLayer: 0
  m_StaticEditorFlags: 0
  m_IsActive: 1
--- !u!4 &5998080129326869309
Transform:
  m_ObjectHideFlags: 0
  m_CorrespondingSourceObject: {fileID: 0}
  m_PrefabInstance: {fileID: 0}
  m_PrefabAsset: {fileID: 0}
  m_GameObject: {fileID: 5998080129326970653}
  m_LocalRotation: {x: 0.0000000065192363, y: 0.00000008362866, z: -0.11640207, w: 0.9932022}
  m_LocalPosition: {x: -0.05438839, y: -0.0000001525879, z: 0}
  m_LocalScale: {x: 1, y: 1, z: 1}
  m_Children:
  - {fileID: 5998080129326869311}
  m_Father: {fileID: 5998080129326869307}
  m_RootOrder: 0
  m_LocalEulerAnglesHint: {x: 0, y: 0, z: 0}
--- !u!1 &5998080129326970655
GameObject:
  m_ObjectHideFlags: 0
  m_CorrespondingSourceObject: {fileID: 0}
  m_PrefabInstance: {fileID: 0}
  m_PrefabAsset: {fileID: 0}
  serializedVersion: 6
  m_Component:
  - component: {fileID: 5998080129326869311}
  m_Layer: 0
  m_Name: B_R_Finger32
  m_TagString: Untagged
  m_Icon: {fileID: 0}
  m_NavMeshLayer: 0
  m_StaticEditorFlags: 0
  m_IsActive: 1
--- !u!4 &5998080129326869311
Transform:
  m_ObjectHideFlags: 0
  m_CorrespondingSourceObject: {fileID: 0}
  m_PrefabInstance: {fileID: 0}
  m_PrefabAsset: {fileID: 0}
  m_GameObject: {fileID: 5998080129326970655}
  m_LocalRotation: {x: 0.00000026382497, y: -0.000000027169166, z: -0.11640207, w: 0.9932022}
  m_LocalPosition: {x: -0.054388806, y: -0.00000022888179, z: -0.0000001764297}
  m_LocalScale: {x: 0.9999998, y: 1, z: 1}
  m_Children: []
  m_Father: {fileID: 5998080129326869309}
  m_RootOrder: 0
  m_LocalEulerAnglesHint: {x: 0, y: 0, z: 0}
--- !u!1 &5998080129326970657
GameObject:
  m_ObjectHideFlags: 0
  m_CorrespondingSourceObject: {fileID: 0}
  m_PrefabInstance: {fileID: 0}
  m_PrefabAsset: {fileID: 0}
  serializedVersion: 6
  m_Component:
  - component: {fileID: 5998080129326869313}
  m_Layer: 0
  m_Name: B_Neck
  m_TagString: Untagged
  m_Icon: {fileID: 0}
  m_NavMeshLayer: 0
  m_StaticEditorFlags: 0
  m_IsActive: 1
--- !u!4 &5998080129326869313
Transform:
  m_ObjectHideFlags: 0
  m_CorrespondingSourceObject: {fileID: 0}
  m_PrefabInstance: {fileID: 0}
  m_PrefabAsset: {fileID: 0}
  m_GameObject: {fileID: 5998080129326970657}
  m_LocalRotation: {x: 0.00000023640021, y: 0.0000003931442, z: -0.13052636, w: 0.9914448}
  m_LocalPosition: {x: -0.33547518, y: -0.030455679, z: 0.000000001005283}
  m_LocalScale: {x: 0.9999998, y: 0.9999998, z: 1}
  m_Children:
  - {fileID: 5998080129326869361}
  m_Father: {fileID: 5998080129326869271}
  m_RootOrder: 1
  m_LocalEulerAnglesHint: {x: 0, y: 0, z: 0}
--- !u!1 &5998080129326970659
GameObject:
  m_ObjectHideFlags: 0
  m_CorrespondingSourceObject: {fileID: 0}
  m_PrefabInstance: {fileID: 0}
  m_PrefabAsset: {fileID: 0}
  serializedVersion: 6
  m_Component:
  - component: {fileID: 5998080129326869315}
  m_Layer: 0
  m_Name: B_Pelvis
  m_TagString: Untagged
  m_Icon: {fileID: 0}
  m_NavMeshLayer: 0
  m_StaticEditorFlags: 0
  m_IsActive: 1
--- !u!4 &5998080129326869315
Transform:
  m_ObjectHideFlags: 0
  m_CorrespondingSourceObject: {fileID: 0}
  m_PrefabInstance: {fileID: 0}
  m_PrefabAsset: {fileID: 0}
  m_GameObject: {fileID: 5998080129326970659}
  m_LocalRotation: {x: -0.49999967, y: 0.50000036, z: 0.49999967, w: 0.50000036}
  m_LocalPosition: {x: -0.0005138588, y: -0.000000010577209, z: 1.329931}
  m_LocalScale: {x: 1, y: 1, z: 1}
  m_Children:
  - {fileID: 5998080129326869339}
  - {fileID: 5998080129326869293}
  - {fileID: 5998080129326869267}
  m_Father: {fileID: 5998080129326869273}
  m_RootOrder: 0
  m_LocalEulerAnglesHint: {x: 0, y: 0, z: 0}
--- !u!1 &5998080129326970661
GameObject:
  m_ObjectHideFlags: 0
  m_CorrespondingSourceObject: {fileID: 0}
  m_PrefabInstance: {fileID: 0}
  m_PrefabAsset: {fileID: 0}
  serializedVersion: 6
  m_Component:
  - component: {fileID: 5998080129326869317}
  m_Layer: 0
  m_Name: B_R_Calf
  m_TagString: Untagged
  m_Icon: {fileID: 0}
  m_NavMeshLayer: 0
  m_StaticEditorFlags: 0
  m_IsActive: 1
--- !u!4 &5998080129326869317
Transform:
  m_ObjectHideFlags: 0
  m_CorrespondingSourceObject: {fileID: 0}
  m_PrefabInstance: {fileID: 0}
  m_PrefabAsset: {fileID: 0}
  m_GameObject: {fileID: 5998080129326970661}
  m_LocalRotation: {x: 0.0000023840287, y: -0.000000073509696, z: 0.049677882, w: 0.9987653}
  m_LocalPosition: {x: -0.5916798, y: -0.000000002384186, z: 0}
  m_LocalScale: {x: 1, y: 1, z: 1}
  m_Children:
  - {fileID: 5998080129326869287}
  m_Father: {fileID: 5998080129326869293}
  m_RootOrder: 0
  m_LocalEulerAnglesHint: {x: 0, y: 0, z: 0}
--- !u!1 &5998080129326970663
GameObject:
  m_ObjectHideFlags: 0
  m_CorrespondingSourceObject: {fileID: 0}
  m_PrefabInstance: {fileID: 0}
  m_PrefabAsset: {fileID: 0}
  serializedVersion: 6
  m_Component:
  - component: {fileID: 5998080129326869319}
  m_Layer: 0
  m_Name: B_R_Clavicle
  m_TagString: Untagged
  m_Icon: {fileID: 0}
  m_NavMeshLayer: 0
  m_StaticEditorFlags: 0
  m_IsActive: 1
--- !u!4 &5998080129326869319
Transform:
  m_ObjectHideFlags: 0
  m_CorrespondingSourceObject: {fileID: 0}
  m_PrefabInstance: {fileID: 0}
  m_PrefabAsset: {fileID: 0}
  m_GameObject: {fileID: 5998080129326970663}
  m_LocalRotation: {x: 0.67533433, y: 0.02024533, z: 0.73701376, w: 0.01801184}
  m_LocalPosition: {x: -0.120085396, y: -0.01454826, z: -0.05302804}
  m_LocalScale: {x: 0.9999999, y: 0.9999999, z: 0.9999996}
  m_Children:
  - {fileID: 5998080129326869265}
  m_Father: {fileID: 5998080129326869271}
  m_RootOrder: 2
  m_LocalEulerAnglesHint: {x: 0, y: 0, z: 0}
--- !u!1 &5998080129326970665
GameObject:
  m_ObjectHideFlags: 0
  m_CorrespondingSourceObject: {fileID: 0}
  m_PrefabInstance: {fileID: 0}
  m_PrefabAsset: {fileID: 0}
  serializedVersion: 6
  m_Component:
  - component: {fileID: 5998080129326869321}
  m_Layer: 0
  m_Name: B_R_Finger0
  m_TagString: Untagged
  m_Icon: {fileID: 0}
  m_NavMeshLayer: 0
  m_StaticEditorFlags: 0
  m_IsActive: 1
--- !u!4 &5998080129326869321
Transform:
  m_ObjectHideFlags: 0
  m_CorrespondingSourceObject: {fileID: 0}
  m_PrefabInstance: {fileID: 0}
  m_PrefabAsset: {fileID: 0}
  m_GameObject: {fileID: 5998080129326970665}
  m_LocalRotation: {x: -0.4485418, y: 0.13317713, z: -0.06779062, w: 0.8811802}
  m_LocalPosition: {x: -0.1231683, y: -0.00520874, z: 0.095638804}
  m_LocalScale: {x: 1, y: 0.9999996, z: 0.9999996}
  m_Children:
  - {fileID: 5998080129326869323}
  m_Father: {fileID: 5998080129326869291}
  m_RootOrder: 0
  m_LocalEulerAnglesHint: {x: 0, y: 0, z: 0}
--- !u!1 &5998080129326970667
GameObject:
  m_ObjectHideFlags: 0
  m_CorrespondingSourceObject: {fileID: 0}
  m_PrefabInstance: {fileID: 0}
  m_PrefabAsset: {fileID: 0}
  serializedVersion: 6
  m_Component:
  - component: {fileID: 5998080129326869323}
  m_Layer: 0
  m_Name: B_R_Finger01
  m_TagString: Untagged
  m_Icon: {fileID: 0}
  m_NavMeshLayer: 0
  m_StaticEditorFlags: 0
  m_IsActive: 1
--- !u!4 &5998080129326869323
Transform:
  m_ObjectHideFlags: 0
  m_CorrespondingSourceObject: {fileID: 0}
  m_PrefabInstance: {fileID: 0}
  m_PrefabAsset: {fileID: 0}
  m_GameObject: {fileID: 5998080129326970667}
  m_LocalRotation: {x: 0.000000042956046, y: 0.00000015249871, z: -0.11640207, w: 0.9932022}
  m_LocalPosition: {x: -0.048670877, y: -0.0000001525879, z: 0.00000007629395}
  m_LocalScale: {x: 0.9999999, y: 1, z: 0.9999999}
  m_Children:
  - {fileID: 5998080129326869325}
  m_Father: {fileID: 5998080129326869321}
  m_RootOrder: 0
  m_LocalEulerAnglesHint: {x: 0, y: 0, z: 0}
--- !u!1 &5998080129326970669
GameObject:
  m_ObjectHideFlags: 0
  m_CorrespondingSourceObject: {fileID: 0}
  m_PrefabInstance: {fileID: 0}
  m_PrefabAsset: {fileID: 0}
  serializedVersion: 6
  m_Component:
  - component: {fileID: 5998080129326869325}
  m_Layer: 0
  m_Name: B_R_Finger02
  m_TagString: Untagged
  m_Icon: {fileID: 0}
  m_NavMeshLayer: 0
  m_StaticEditorFlags: 0
  m_IsActive: 1
--- !u!4 &5998080129326869325
Transform:
  m_ObjectHideFlags: 0
  m_CorrespondingSourceObject: {fileID: 0}
  m_PrefabInstance: {fileID: 0}
  m_PrefabAsset: {fileID: 0}
  m_GameObject: {fileID: 5998080129326970669}
  m_LocalRotation: {x: 0.00000007599296, y: -0.00000008767281, z: -0.11640207, w: 0.9932022}
  m_LocalPosition: {x: -0.048670728, y: 0.00000007629395, z: 0.0000001525879}
  m_LocalScale: {x: 1, y: 1, z: 1}
  m_Children: []
  m_Father: {fileID: 5998080129326869323}
  m_RootOrder: 0
  m_LocalEulerAnglesHint: {x: 0, y: 0, z: 0}
--- !u!1 &5998080129326970671
GameObject:
  m_ObjectHideFlags: 0
  m_CorrespondingSourceObject: {fileID: 0}
  m_PrefabInstance: {fileID: 0}
  m_PrefabAsset: {fileID: 0}
  serializedVersion: 6
  m_Component:
  - component: {fileID: 5998080129326869327}
  m_Layer: 0
  m_Name: B_R_Finger1
  m_TagString: Untagged
  m_Icon: {fileID: 0}
  m_NavMeshLayer: 0
  m_StaticEditorFlags: 0
  m_IsActive: 1
--- !u!4 &5998080129326869327
Transform:
  m_ObjectHideFlags: 0
  m_CorrespondingSourceObject: {fileID: 0}
  m_PrefabInstance: {fileID: 0}
  m_PrefabAsset: {fileID: 0}
  m_GameObject: {fileID: 5998080129326970671}
  m_LocalRotation: {x: 0.0003981376, y: -0.00000007918023, z: -0.00000004467197, w: 0.99999994}
  m_LocalPosition: {x: -0.1731513, y: -0.02635742, z: 0.04906816}
  m_LocalScale: {x: 0.9999998, y: 1, z: 1}
  m_Children:
  - {fileID: 5998080129326869297}
  m_Father: {fileID: 5998080129326869291}
  m_RootOrder: 1
  m_LocalEulerAnglesHint: {x: 0, y: 0, z: 0}
--- !u!1 &5998080129326970673
GameObject:
  m_ObjectHideFlags: 0
  m_CorrespondingSourceObject: {fileID: 0}
  m_PrefabInstance: {fileID: 0}
  m_PrefabAsset: {fileID: 0}
  serializedVersion: 6
  m_Component:
  - component: {fileID: 5998080129326869329}
  m_Layer: 0
  m_Name: B_L_Finger41
  m_TagString: Untagged
  m_Icon: {fileID: 0}
  m_NavMeshLayer: 0
  m_StaticEditorFlags: 0
  m_IsActive: 1
--- !u!4 &5998080129326869329
Transform:
  m_ObjectHideFlags: 0
  m_CorrespondingSourceObject: {fileID: 0}
  m_PrefabInstance: {fileID: 0}
  m_PrefabAsset: {fileID: 0}
  m_GameObject: {fileID: 5998080129326970673}
  m_LocalRotation: {x: 0.00000009308119, y: 0.00000033416345, z: -0.11640231, w: 0.99320215}
  m_LocalPosition: {x: -0.045323867, y: 0.0000003051758, z: 0.0000001430511}
  m_LocalScale: {x: 1, y: 1, z: 0.9999996}
  m_Children:
  - {fileID: 5998080129326869331}
  m_Father: {fileID: 5998080129326869359}
  m_RootOrder: 0
  m_LocalEulerAnglesHint: {x: 0, y: 0, z: 0}
--- !u!1 &5998080129326970675
GameObject:
  m_ObjectHideFlags: 0
  m_CorrespondingSourceObject: {fileID: 0}
  m_PrefabInstance: {fileID: 0}
  m_PrefabAsset: {fileID: 0}
  serializedVersion: 6
  m_Component:
  - component: {fileID: 5998080129326869331}
  m_Layer: 0
  m_Name: B_L_Finger42
  m_TagString: Untagged
  m_Icon: {fileID: 0}
  m_NavMeshLayer: 0
  m_StaticEditorFlags: 0
  m_IsActive: 1
--- !u!4 &5998080129326869331
Transform:
  m_ObjectHideFlags: 0
  m_CorrespondingSourceObject: {fileID: 0}
  m_PrefabInstance: {fileID: 0}
  m_PrefabAsset: {fileID: 0}
  m_GameObject: {fileID: 5998080129326970675}
  m_LocalRotation: {x: 0.0000000103517666, y: 0.00000031385306, z: -0.11640179, w: 0.9932022}
  m_LocalPosition: {x: -0.04532356, y: -0.0000003051758, z: -0.00000020504}
  m_LocalScale: {x: 0.9999996, y: 0.9999997, z: 0.9999998}
  m_Children: []
  m_Father: {fileID: 5998080129326869329}
  m_RootOrder: 0
  m_LocalEulerAnglesHint: {x: 0, y: 0, z: 0}
--- !u!1 &5998080129326970677
GameObject:
  m_ObjectHideFlags: 0
  m_CorrespondingSourceObject: {fileID: 0}
  m_PrefabInstance: {fileID: 0}
  m_PrefabAsset: {fileID: 0}
  serializedVersion: 6
  m_Component:
  - component: {fileID: 5998080129326869333}
  m_Layer: 0
  m_Name: B_L_Foot
  m_TagString: Untagged
  m_Icon: {fileID: 0}
  m_NavMeshLayer: 0
  m_StaticEditorFlags: 0
  m_IsActive: 1
--- !u!4 &5998080129326869333
Transform:
  m_ObjectHideFlags: 0
  m_CorrespondingSourceObject: {fileID: 0}
  m_PrefabInstance: {fileID: 0}
  m_PrefabAsset: {fileID: 0}
  m_GameObject: {fileID: 5998080129326970677}
  m_LocalRotation: {x: -0.008041748, y: 0.03014673, z: -0.05504599, w: 0.9979962}
  m_LocalPosition: {x: -0.5950507, y: -0.000000019073491, z: -0.00000003814697}
  m_LocalScale: {x: 0.9999999, y: 0.9999999, z: 1}
  m_Children:
  - {fileID: 5998080129326869341}
  m_Father: {fileID: 5998080129326869363}
  m_RootOrder: 0
  m_LocalEulerAnglesHint: {x: 0, y: 0, z: 0}
--- !u!1 &5998080129326970679
GameObject:
  m_ObjectHideFlags: 0
  m_CorrespondingSourceObject: {fileID: 0}
  m_PrefabInstance: {fileID: 0}
  m_PrefabAsset: {fileID: 0}
  serializedVersion: 6
  m_Component:
  - component: {fileID: 5998080129326869335}
  m_Layer: 0
  m_Name: B_L_Forearm
  m_TagString: Untagged
  m_Icon: {fileID: 0}
  m_NavMeshLayer: 0
  m_StaticEditorFlags: 0
  m_IsActive: 1
--- !u!4 &5998080129326869335
Transform:
  m_ObjectHideFlags: 0
  m_CorrespondingSourceObject: {fileID: 0}
  m_PrefabInstance: {fileID: 0}
  m_PrefabAsset: {fileID: 0}
  m_GameObject: {fileID: 5998080129326970679}
  m_LocalRotation: {x: 0.000000027506387, y: -0.000000014841315, z: 0.002176889, w: 0.9999976}
  m_LocalPosition: {x: -0.35551208, y: -0.00000003814697, z: 0.0000003051758}
  m_LocalScale: {x: 1, y: 1, z: 0.9999998}
  m_Children:
  - {fileID: 5998080129326869337}
  m_Father: {fileID: 5998080129326869343}
  m_RootOrder: 0
  m_LocalEulerAnglesHint: {x: 0, y: 0, z: 0}
--- !u!1 &5998080129326970681
GameObject:
  m_ObjectHideFlags: 0
  m_CorrespondingSourceObject: {fileID: 0}
  m_PrefabInstance: {fileID: 0}
  m_PrefabAsset: {fileID: 0}
  serializedVersion: 6
  m_Component:
  - component: {fileID: 5998080129326869337}
  m_Layer: 0
  m_Name: B_L_Hand
  m_TagString: Untagged
  m_Icon: {fileID: 0}
  m_NavMeshLayer: 0
  m_StaticEditorFlags: 0
  m_IsActive: 1
--- !u!4 &5998080129326869337
Transform:
  m_ObjectHideFlags: 0
  m_CorrespondingSourceObject: {fileID: 0}
  m_PrefabInstance: {fileID: 0}
  m_PrefabAsset: {fileID: 0}
  m_GameObject: {fileID: 5998080129326970681}
  m_LocalRotation: {x: -0.72027516, y: -0.030072736, z: -0.02369447, w: 0.6926311}
  m_LocalPosition: {x: -0.35489607, y: -0.00000007152557, z: -0.0000001525879}
  m_LocalScale: {x: 0.9999999, y: 1, z: 1.000001}
  m_Children:
  - {fileID: 5998080129326869367}
  - {fileID: 5998080129326869373}
  - {fileID: 5998080129326869347}
  - {fileID: 5998080129326869353}
  - {fileID: 5998080129326869359}
  - {fileID: 5998080128889746047}
  m_Father: {fileID: 5998080129326869335}
  m_RootOrder: 0
  m_LocalEulerAnglesHint: {x: 0, y: 0, z: 0}
--- !u!1 &5998080129326970683
GameObject:
  m_ObjectHideFlags: 0
  m_CorrespondingSourceObject: {fileID: 0}
  m_PrefabInstance: {fileID: 0}
  m_PrefabAsset: {fileID: 0}
  serializedVersion: 6
  m_Component:
  - component: {fileID: 5998080129326869339}
  m_Layer: 0
  m_Name: B_L_Thigh
  m_TagString: Untagged
  m_Icon: {fileID: 0}
  m_NavMeshLayer: 0
  m_StaticEditorFlags: 0
  m_IsActive: 1
--- !u!4 &5998080129326869339
Transform:
  m_ObjectHideFlags: 0
  m_CorrespondingSourceObject: {fileID: 0}
  m_PrefabInstance: {fileID: 0}
  m_PrefabAsset: {fileID: 0}
  m_GameObject: {fileID: 5998080129326970683}
  m_LocalRotation: {x: 0.0056884047, y: 0.99954396, z: 0.00020677742, w: 0.029655738}
  m_LocalPosition: {x: -0, y: 0.00000021971759, z: 0.1165233}
  m_LocalScale: {x: 0.9999999, y: 1, z: 1}
  m_Children:
  - {fileID: 5998080129326869363}
  m_Father: {fileID: 5998080129326869315}
  m_RootOrder: 0
  m_LocalEulerAnglesHint: {x: 0, y: 0, z: 0}
--- !u!1 &5998080129326970685
GameObject:
  m_ObjectHideFlags: 0
  m_CorrespondingSourceObject: {fileID: 0}
  m_PrefabInstance: {fileID: 0}
  m_PrefabAsset: {fileID: 0}
  serializedVersion: 6
  m_Component:
  - component: {fileID: 5998080129326869341}
  m_Layer: 0
  m_Name: B_L_Toe0
  m_TagString: Untagged
  m_Icon: {fileID: 0}
  m_NavMeshLayer: 0
  m_StaticEditorFlags: 0
  m_IsActive: 1
--- !u!4 &5998080129326869341
Transform:
  m_ObjectHideFlags: 0
  m_CorrespondingSourceObject: {fileID: 0}
  m_PrefabInstance: {fileID: 0}
  m_PrefabAsset: {fileID: 0}
  m_GameObject: {fileID: 5998080129326970685}
  m_LocalRotation: {x: -0.000000020182345, y: 0.000000019814436, z: -0.7132062, w: 0.7009543}
  m_LocalPosition: {x: -0.14912969, y: 0.2427668, z: -0.0026480667}
  m_LocalScale: {x: 1, y: 1, z: 1}
  m_Children: []
  m_Father: {fileID: 5998080129326869333}
  m_RootOrder: 0
  m_LocalEulerAnglesHint: {x: 0, y: 0, z: 0}
--- !u!1 &5998080129326970687
GameObject:
  m_ObjectHideFlags: 0
  m_CorrespondingSourceObject: {fileID: 0}
  m_PrefabInstance: {fileID: 0}
  m_PrefabAsset: {fileID: 0}
  serializedVersion: 6
  m_Component:
  - component: {fileID: 5998080129326869343}
  m_Layer: 0
  m_Name: B_L_UpperArm
  m_TagString: Untagged
  m_Icon: {fileID: 0}
  m_NavMeshLayer: 0
  m_StaticEditorFlags: 0
  m_IsActive: 1
--- !u!4 &5998080129326869343
Transform:
  m_ObjectHideFlags: 0
  m_CorrespondingSourceObject: {fileID: 0}
  m_PrefabInstance: {fileID: 0}
  m_PrefabAsset: {fileID: 0}
  m_GameObject: {fileID: 5998080129326970687}
  m_LocalRotation: {x: 0.06598404, y: -0.44083193, z: 0.022487504, w: 0.89487857}
  m_LocalPosition: {x: -0.2720357, y: 0.00000004768372, z: -0.0000001525879}
  m_LocalScale: {x: 0.9999998, y: 0.9999996, z: 1}
  m_Children:
  - {fileID: 5998080129326869335}
  m_Father: {fileID: 5998080129326869365}
  m_RootOrder: 0
  m_LocalEulerAnglesHint: {x: 0, y: 0, z: 0}
--- !u!1 &5998080129326970689
GameObject:
  m_ObjectHideFlags: 0
  m_CorrespondingSourceObject: {fileID: 0}
  m_PrefabInstance: {fileID: 0}
  m_PrefabAsset: {fileID: 0}
  serializedVersion: 6
  m_Component:
  - component: {fileID: 5998080129326869345}
  m_Layer: 0
  m_Name: B_L_Finger12
  m_TagString: Untagged
  m_Icon: {fileID: 0}
  m_NavMeshLayer: 0
  m_StaticEditorFlags: 0
  m_IsActive: 1
--- !u!4 &5998080129326869345
Transform:
  m_ObjectHideFlags: 0
  m_CorrespondingSourceObject: {fileID: 0}
  m_PrefabInstance: {fileID: 0}
  m_PrefabAsset: {fileID: 0}
  m_GameObject: {fileID: 5998080129326970689}
  m_LocalRotation: {x: 0.00000017980976, y: -0.000000011696495, z: -0.11640197, w: 0.9932022}
  m_LocalPosition: {x: -0.054388728, y: -0.00000022888179, z: -0.000000243187}
  m_LocalScale: {x: 0.9999999, y: 1, z: 1}
  m_Children: []
  m_Father: {fileID: 5998080129326869375}
  m_RootOrder: 0
  m_LocalEulerAnglesHint: {x: 0, y: 0, z: 0}
--- !u!1 &5998080129326970691
GameObject:
  m_ObjectHideFlags: 0
  m_CorrespondingSourceObject: {fileID: 0}
  m_PrefabInstance: {fileID: 0}
  m_PrefabAsset: {fileID: 0}
  serializedVersion: 6
  m_Component:
  - component: {fileID: 5998080129326869347}
  m_Layer: 0
  m_Name: B_L_Finger2
  m_TagString: Untagged
  m_Icon: {fileID: 0}
  m_NavMeshLayer: 0
  m_StaticEditorFlags: 0
  m_IsActive: 1
--- !u!4 &5998080129326869347
Transform:
  m_ObjectHideFlags: 0
  m_CorrespondingSourceObject: {fileID: 0}
  m_PrefabInstance: {fileID: 0}
  m_PrefabAsset: {fileID: 0}
  m_GameObject: {fileID: 5998080129326970691}
  m_LocalRotation: {x: -0.00039814686, y: 0.00000019179903, z: 0.00000013418678, w: 0.99999994}
  m_LocalPosition: {x: -0.1731515, y: -0.026325759, z: -0.008993535}
  m_LocalScale: {x: 1, y: 1, z: 0.9999999}
  m_Children:
  - {fileID: 5998080129326869349}
  m_Father: {fileID: 5998080129326869337}
  m_RootOrder: 2
  m_LocalEulerAnglesHint: {x: 0, y: 0, z: 0}
--- !u!1 &5998080129326970693
GameObject:
  m_ObjectHideFlags: 0
  m_CorrespondingSourceObject: {fileID: 0}
  m_PrefabInstance: {fileID: 0}
  m_PrefabAsset: {fileID: 0}
  serializedVersion: 6
  m_Component:
  - component: {fileID: 5998080129326869349}
  m_Layer: 0
  m_Name: B_L_Finger21
  m_TagString: Untagged
  m_Icon: {fileID: 0}
  m_NavMeshLayer: 0
  m_StaticEditorFlags: 0
  m_IsActive: 1
--- !u!4 &5998080129326869349
Transform:
  m_ObjectHideFlags: 0
  m_CorrespondingSourceObject: {fileID: 0}
  m_PrefabInstance: {fileID: 0}
  m_PrefabAsset: {fileID: 0}
  m_GameObject: {fileID: 5998080129326970693}
  m_LocalRotation: {x: 0.00000006518037, y: -0.00000024393862, z: -0.11640215, w: 0.9932022}
  m_LocalPosition: {x: -0.06345333, y: -0.0000001525879, z: 0.0000001096725}
  m_LocalScale: {x: 1, y: 0.9999999, z: 0.9999998}
  m_Children:
  - {fileID: 5998080129326869351}
  m_Father: {fileID: 5998080129326869347}
  m_RootOrder: 0
  m_LocalEulerAnglesHint: {x: 0, y: 0, z: 0}
--- !u!1 &5998080129326970695
GameObject:
  m_ObjectHideFlags: 0
  m_CorrespondingSourceObject: {fileID: 0}
  m_PrefabInstance: {fileID: 0}
  m_PrefabAsset: {fileID: 0}
  serializedVersion: 6
  m_Component:
  - component: {fileID: 5998080129326869351}
  m_Layer: 0
  m_Name: B_L_Finger22
  m_TagString: Untagged
  m_Icon: {fileID: 0}
  m_NavMeshLayer: 0
  m_StaticEditorFlags: 0
  m_IsActive: 1
--- !u!4 &5998080129326869351
Transform:
  m_ObjectHideFlags: 0
  m_CorrespondingSourceObject: {fileID: 0}
  m_PrefabInstance: {fileID: 0}
  m_PrefabAsset: {fileID: 0}
  m_GameObject: {fileID: 5998080129326970695}
  m_LocalRotation: {x: -0.000000043879165, y: 0.000000016394951, z: -0.11640207, w: 0.9932022}
  m_LocalPosition: {x: -0.06345345, y: 0.0000003051758, z: -0.000000059604638}
  m_LocalScale: {x: 0.9999997, y: 0.9999999, z: 1}
  m_Children: []
  m_Father: {fileID: 5998080129326869349}
  m_RootOrder: 0
  m_LocalEulerAnglesHint: {x: 0, y: 0, z: 0}
--- !u!1 &5998080129326970697
GameObject:
  m_ObjectHideFlags: 0
  m_CorrespondingSourceObject: {fileID: 0}
  m_PrefabInstance: {fileID: 0}
  m_PrefabAsset: {fileID: 0}
  serializedVersion: 6
  m_Component:
  - component: {fileID: 5998080129326869353}
  m_Layer: 0
  m_Name: B_L_Finger3
  m_TagString: Untagged
  m_Icon: {fileID: 0}
  m_NavMeshLayer: 0
  m_StaticEditorFlags: 0
  m_IsActive: 1
--- !u!4 &5998080129326869353
Transform:
  m_ObjectHideFlags: 0
  m_CorrespondingSourceObject: {fileID: 0}
  m_PrefabInstance: {fileID: 0}
  m_PrefabAsset: {fileID: 0}
  m_GameObject: {fileID: 5998080129326970697}
  m_LocalRotation: {x: -0.000398729, y: 0.00000020488496, z: 0.000000014982852, w: 0.99999994}
  m_LocalPosition: {x: -0.17315139, y: -0.026293408, z: 0.031446047}
  m_LocalScale: {x: 1, y: 0.9999999, z: 0.9999998}
  m_Children:
  - {fileID: 5998080129326869355}
  m_Father: {fileID: 5998080129326869337}
  m_RootOrder: 3
  m_LocalEulerAnglesHint: {x: 0, y: 0, z: 0}
--- !u!1 &5998080129326970699
GameObject:
  m_ObjectHideFlags: 0
  m_CorrespondingSourceObject: {fileID: 0}
  m_PrefabInstance: {fileID: 0}
  m_PrefabAsset: {fileID: 0}
  serializedVersion: 6
  m_Component:
  - component: {fileID: 5998080129326869355}
  m_Layer: 0
  m_Name: B_L_Finger31
  m_TagString: Untagged
  m_Icon: {fileID: 0}
  m_NavMeshLayer: 0
  m_StaticEditorFlags: 0
  m_IsActive: 1
--- !u!4 &5998080129326869355
Transform:
  m_ObjectHideFlags: 0
  m_CorrespondingSourceObject: {fileID: 0}
  m_PrefabInstance: {fileID: 0}
  m_PrefabAsset: {fileID: 0}
  m_GameObject: {fileID: 5998080129326970699}
  m_LocalRotation: {x: -0.00000010069516, y: -0.00000009509606, z: -0.11640197, w: 0.9932022}
  m_LocalPosition: {x: -0.05438854, y: 0, z: 0}
  m_LocalScale: {x: 1, y: 0.9999998, z: 1}
  m_Children:
  - {fileID: 5998080129326869357}
  m_Father: {fileID: 5998080129326869353}
  m_RootOrder: 0
  m_LocalEulerAnglesHint: {x: 0, y: 0, z: 0}
--- !u!1 &5998080129326970701
GameObject:
  m_ObjectHideFlags: 0
  m_CorrespondingSourceObject: {fileID: 0}
  m_PrefabInstance: {fileID: 0}
  m_PrefabAsset: {fileID: 0}
  serializedVersion: 6
  m_Component:
  - component: {fileID: 5998080129326869357}
  m_Layer: 0
  m_Name: B_L_Finger32
  m_TagString: Untagged
  m_Icon: {fileID: 0}
  m_NavMeshLayer: 0
  m_StaticEditorFlags: 0
  m_IsActive: 1
--- !u!4 &5998080129326869357
Transform:
  m_ObjectHideFlags: 0
  m_CorrespondingSourceObject: {fileID: 0}
  m_PrefabInstance: {fileID: 0}
  m_PrefabAsset: {fileID: 0}
  m_GameObject: {fileID: 5998080129326970701}
  m_LocalRotation: {x: -0.00000023055213, y: 0.00000022581212, z: -0.11640197, w: 0.9932022}
  m_LocalPosition: {x: -0.05438858, y: 0.0000001525879, z: 0.00000004291534}
  m_LocalScale: {x: 0.9999998, y: 0.9999996, z: 1}
  m_Children: []
  m_Father: {fileID: 5998080129326869355}
  m_RootOrder: 0
  m_LocalEulerAnglesHint: {x: 0, y: 0, z: 0}
--- !u!1 &5998080129326970703
GameObject:
  m_ObjectHideFlags: 0
  m_CorrespondingSourceObject: {fileID: 0}
  m_PrefabInstance: {fileID: 0}
  m_PrefabAsset: {fileID: 0}
  serializedVersion: 6
  m_Component:
  - component: {fileID: 5998080129326869359}
  m_Layer: 0
  m_Name: B_L_Finger4
  m_TagString: Untagged
  m_Icon: {fileID: 0}
  m_NavMeshLayer: 0
  m_StaticEditorFlags: 0
  m_IsActive: 1
--- !u!4 &5998080129326869359
Transform:
  m_ObjectHideFlags: 0
  m_CorrespondingSourceObject: {fileID: 0}
  m_PrefabInstance: {fileID: 0}
  m_PrefabAsset: {fileID: 0}
  m_GameObject: {fileID: 5998080129326970703}
  m_LocalRotation: {x: -0.00039956527, y: 0.00000021419226, z: 0.000000029887914,
    w: 0.99999994}
  m_LocalPosition: {x: -0.17315139, y: -0.026262889, z: 0.069892965}
  m_LocalScale: {x: 1, y: 1, z: 0.9999999}
  m_Children:
  - {fileID: 5998080129326869329}
  m_Father: {fileID: 5998080129326869337}
  m_RootOrder: 4
  m_LocalEulerAnglesHint: {x: 0, y: 0, z: 0}
--- !u!1 &5998080129326970705
GameObject:
  m_ObjectHideFlags: 0
  m_CorrespondingSourceObject: {fileID: 0}
  m_PrefabInstance: {fileID: 0}
  m_PrefabAsset: {fileID: 0}
  serializedVersion: 6
  m_Component:
  - component: {fileID: 5998080129326869361}
  m_Layer: 0
  m_Name: B_Head
  m_TagString: Untagged
  m_Icon: {fileID: 0}
  m_NavMeshLayer: 0
  m_StaticEditorFlags: 0
  m_IsActive: 1
--- !u!4 &5998080129326869361
Transform:
  m_ObjectHideFlags: 0
  m_CorrespondingSourceObject: {fileID: 0}
  m_PrefabInstance: {fileID: 0}
  m_PrefabAsset: {fileID: 0}
  m_GameObject: {fileID: 5998080129326970705}
  m_LocalRotation: {x: 0.000000029754952, y: -0.000000114664246, z: 0.04179141, w: 0.9991264}
  m_LocalPosition: {x: -0.1093155, y: -0.002662697, z: 0.0000000026147609}
  m_LocalScale: {x: 1, y: 1, z: 1}
  m_Children: []
  m_Father: {fileID: 5998080129326869313}
  m_RootOrder: 0
  m_LocalEulerAnglesHint: {x: 0, y: 0, z: 0}
--- !u!1 &5998080129326970707
GameObject:
  m_ObjectHideFlags: 0
  m_CorrespondingSourceObject: {fileID: 0}
  m_PrefabInstance: {fileID: 0}
  m_PrefabAsset: {fileID: 0}
  serializedVersion: 6
  m_Component:
  - component: {fileID: 5998080129326869363}
  m_Layer: 0
  m_Name: B_L_Calf
  m_TagString: Untagged
  m_Icon: {fileID: 0}
  m_NavMeshLayer: 0
  m_StaticEditorFlags: 0
  m_IsActive: 1
--- !u!4 &5998080129326869363
Transform:
  m_ObjectHideFlags: 0
  m_CorrespondingSourceObject: {fileID: 0}
  m_PrefabInstance: {fileID: 0}
  m_PrefabAsset: {fileID: 0}
  m_GameObject: {fileID: 5998080129326970707}
  m_LocalRotation: {x: -0.0000040195087, y: 0.0000001562774, z: 0.04967789, w: 0.9987653}
  m_LocalPosition: {x: -0.5916798, y: 0.000000004768372, z: 0.00000003814697}
  m_LocalScale: {x: 1, y: 1, z: 1}
  m_Children:
  - {fileID: 5998080129326869333}
  m_Father: {fileID: 5998080129326869339}
  m_RootOrder: 0
  m_LocalEulerAnglesHint: {x: 0, y: 0, z: 0}
--- !u!1 &5998080129326970709
GameObject:
  m_ObjectHideFlags: 0
  m_CorrespondingSourceObject: {fileID: 0}
  m_PrefabInstance: {fileID: 0}
  m_PrefabAsset: {fileID: 0}
  serializedVersion: 6
  m_Component:
  - component: {fileID: 5998080129326869365}
  m_Layer: 0
  m_Name: B_L_Clavicle
  m_TagString: Untagged
  m_Icon: {fileID: 0}
  m_NavMeshLayer: 0
  m_StaticEditorFlags: 0
  m_IsActive: 1
--- !u!4 &5998080129326869365
Transform:
  m_ObjectHideFlags: 0
  m_CorrespondingSourceObject: {fileID: 0}
  m_PrefabInstance: {fileID: 0}
  m_PrefabAsset: {fileID: 0}
  m_GameObject: {fileID: 5998080129326970709}
  m_LocalRotation: {x: -0.6753343, y: -0.020247577, z: 0.7370137, w: 0.018014228}
  m_LocalPosition: {x: -0.120085396, y: -0.01454861, z: 0.053027958}
  m_LocalScale: {x: 1, y: 1, z: 0.9999998}
  m_Children:
  - {fileID: 5998080129326869343}
  m_Father: {fileID: 5998080129326869271}
  m_RootOrder: 0
  m_LocalEulerAnglesHint: {x: 0, y: 0, z: 0}
--- !u!1 &5998080129326970711
GameObject:
  m_ObjectHideFlags: 0
  m_CorrespondingSourceObject: {fileID: 0}
  m_PrefabInstance: {fileID: 0}
  m_PrefabAsset: {fileID: 0}
  serializedVersion: 6
  m_Component:
  - component: {fileID: 5998080129326869367}
  m_Layer: 0
  m_Name: B_L_Finger0
  m_TagString: Untagged
  m_Icon: {fileID: 0}
  m_NavMeshLayer: 0
  m_StaticEditorFlags: 0
  m_IsActive: 1
--- !u!4 &5998080129326869367
Transform:
  m_ObjectHideFlags: 0
  m_CorrespondingSourceObject: {fileID: 0}
  m_PrefabInstance: {fileID: 0}
  m_PrefabAsset: {fileID: 0}
  m_GameObject: {fileID: 5998080129326970711}
  m_LocalRotation: {x: 0.4485418, y: -0.13317713, z: -0.06779062, w: 0.8811802}
  m_LocalPosition: {x: -0.1231686, y: -0.005208817, z: -0.095638715}
  m_LocalScale: {x: 1, y: 0.9999997, z: 0.9999999}
  m_Children:
  - {fileID: 5998080129326869369}
  m_Father: {fileID: 5998080129326869337}
  m_RootOrder: 0
  m_LocalEulerAnglesHint: {x: 0, y: 0, z: 0}
--- !u!1 &5998080129326970713
GameObject:
  m_ObjectHideFlags: 0
  m_CorrespondingSourceObject: {fileID: 0}
  m_PrefabInstance: {fileID: 0}
  m_PrefabAsset: {fileID: 0}
  serializedVersion: 6
  m_Component:
  - component: {fileID: 5998080129326869369}
  m_Layer: 0
  m_Name: B_L_Finger01
  m_TagString: Untagged
  m_Icon: {fileID: 0}
  m_NavMeshLayer: 0
  m_StaticEditorFlags: 0
  m_IsActive: 1
--- !u!4 &5998080129326869369
Transform:
  m_ObjectHideFlags: 0
  m_CorrespondingSourceObject: {fileID: 0}
  m_PrefabInstance: {fileID: 0}
  m_PrefabAsset: {fileID: 0}
  m_GameObject: {fileID: 5998080129326970713}
  m_LocalRotation: {x: 0.000000015754058, y: 0.000000024409161, z: -0.11640197, w: 0.9932022}
  m_LocalPosition: {x: -0.048670728, y: 0, z: -0.0000001525879}
  m_LocalScale: {x: 1, y: 0.9999999, z: 0.9999998}
  m_Children:
  - {fileID: 5998080129326869371}
  m_Father: {fileID: 5998080129326869367}
  m_RootOrder: 0
  m_LocalEulerAnglesHint: {x: 0, y: 0, z: 0}
--- !u!1 &5998080129326970715
GameObject:
  m_ObjectHideFlags: 0
  m_CorrespondingSourceObject: {fileID: 0}
  m_PrefabInstance: {fileID: 0}
  m_PrefabAsset: {fileID: 0}
  serializedVersion: 6
  m_Component:
  - component: {fileID: 5998080129326869371}
  m_Layer: 0
  m_Name: B_L_Finger02
  m_TagString: Untagged
  m_Icon: {fileID: 0}
  m_NavMeshLayer: 0
  m_StaticEditorFlags: 0
  m_IsActive: 1
--- !u!4 &5998080129326869371
Transform:
  m_ObjectHideFlags: 0
  m_CorrespondingSourceObject: {fileID: 0}
  m_PrefabInstance: {fileID: 0}
  m_PrefabAsset: {fileID: 0}
  m_GameObject: {fileID: 5998080129326970715}
  m_LocalRotation: {x: -0.000000029570861, y: -2.851183e-10, z: -0.11640207, w: 0.9932022}
  m_LocalPosition: {x: -0.048670877, y: 0.00000003814697, z: 0.00000022888179}
  m_LocalScale: {x: 1, y: 1, z: 1}
  m_Children: []
  m_Father: {fileID: 5998080129326869369}
  m_RootOrder: 0
  m_LocalEulerAnglesHint: {x: 0, y: 0, z: 0}
--- !u!1 &5998080129326970717
GameObject:
  m_ObjectHideFlags: 0
  m_CorrespondingSourceObject: {fileID: 0}
  m_PrefabInstance: {fileID: 0}
  m_PrefabAsset: {fileID: 0}
  serializedVersion: 6
  m_Component:
  - component: {fileID: 5998080129326869373}
  m_Layer: 0
  m_Name: B_L_Finger1
  m_TagString: Untagged
  m_Icon: {fileID: 0}
  m_NavMeshLayer: 0
  m_StaticEditorFlags: 0
  m_IsActive: 1
--- !u!4 &5998080129326869373
Transform:
  m_ObjectHideFlags: 0
  m_CorrespondingSourceObject: {fileID: 0}
  m_PrefabInstance: {fileID: 0}
  m_PrefabAsset: {fileID: 0}
  m_GameObject: {fileID: 5998080129326970717}
  m_LocalRotation: {x: -0.00039816092, y: -9.372555e-10, z: 0.000000014900786, w: 0.99999994}
  m_LocalPosition: {x: -0.17315121, y: -0.026357349, z: -0.04906816}
  m_LocalScale: {x: 1, y: 1, z: 0.9999997}
  m_Children:
  - {fileID: 5998080129326869375}
  m_Father: {fileID: 5998080129326869337}
  m_RootOrder: 1
  m_LocalEulerAnglesHint: {x: 0, y: 0, z: 0}
--- !u!1 &5998080129326970719
GameObject:
  m_ObjectHideFlags: 0
  m_CorrespondingSourceObject: {fileID: 0}
  m_PrefabInstance: {fileID: 0}
  m_PrefabAsset: {fileID: 0}
  serializedVersion: 6
  m_Component:
  - component: {fileID: 5998080129326869375}
  m_Layer: 0
  m_Name: B_L_Finger11
  m_TagString: Untagged
  m_Icon: {fileID: 0}
  m_NavMeshLayer: 0
  m_StaticEditorFlags: 0
  m_IsActive: 1
--- !u!4 &5998080129326869375
Transform:
  m_ObjectHideFlags: 0
  m_CorrespondingSourceObject: {fileID: 0}
  m_PrefabInstance: {fileID: 0}
  m_PrefabAsset: {fileID: 0}
  m_GameObject: {fileID: 5998080129326970719}
  m_LocalRotation: {x: 0.00000002442502, y: -0.000000051622838, z: -0.11640215, w: 0.9932022}
  m_LocalPosition: {x: -0.054388687, y: 0, z: 0.0000001716614}
  m_LocalScale: {x: 0.9999998, y: 0.9999998, z: 0.9999999}
  m_Children:
  - {fileID: 5998080129326869345}
  m_Father: {fileID: 5998080129326869373}
  m_RootOrder: 0
  m_LocalEulerAnglesHint: {x: 0, y: 0, z: 0}
--- !u!1001 &4513679513060027209
PrefabInstance:
  m_ObjectHideFlags: 0
  serializedVersion: 2
  m_Modification:
    m_TransformParent: {fileID: 8774135783743270544}
    m_Modifications:
    - target: {fileID: 1639710127390480, guid: e8759f37ba76b9340bd47646c47106ed, type: 3}
      propertyPath: m_Name
      value: Dragonblade
      objectReference: {fileID: 0}
    - target: {fileID: 1639710127390480, guid: e8759f37ba76b9340bd47646c47106ed, type: 3}
      propertyPath: m_IsActive
      value: 0
      objectReference: {fileID: 0}
    - target: {fileID: 4892249954168564, guid: e8759f37ba76b9340bd47646c47106ed, type: 3}
      propertyPath: m_LocalPosition.x
      value: -0.218
      objectReference: {fileID: 0}
    - target: {fileID: 4892249954168564, guid: e8759f37ba76b9340bd47646c47106ed, type: 3}
      propertyPath: m_LocalPosition.y
      value: 0.021
      objectReference: {fileID: 0}
    - target: {fileID: 4892249954168564, guid: e8759f37ba76b9340bd47646c47106ed, type: 3}
      propertyPath: m_LocalPosition.z
      value: -0.332
      objectReference: {fileID: 0}
    - target: {fileID: 4892249954168564, guid: e8759f37ba76b9340bd47646c47106ed, type: 3}
      propertyPath: m_LocalRotation.x
      value: 0.7183225
      objectReference: {fileID: 0}
    - target: {fileID: 4892249954168564, guid: e8759f37ba76b9340bd47646c47106ed, type: 3}
      propertyPath: m_LocalRotation.y
      value: 0.00000008544882
      objectReference: {fileID: 0}
    - target: {fileID: 4892249954168564, guid: e8759f37ba76b9340bd47646c47106ed, type: 3}
      propertyPath: m_LocalRotation.z
      value: 0.00000010803338
      objectReference: {fileID: 0}
    - target: {fileID: 4892249954168564, guid: e8759f37ba76b9340bd47646c47106ed, type: 3}
      propertyPath: m_LocalRotation.w
      value: 0.69571024
      objectReference: {fileID: 0}
    - target: {fileID: 4892249954168564, guid: e8759f37ba76b9340bd47646c47106ed, type: 3}
      propertyPath: m_RootOrder
      value: 0
      objectReference: {fileID: 0}
    - target: {fileID: 4892249954168564, guid: e8759f37ba76b9340bd47646c47106ed, type: 3}
      propertyPath: m_LocalEulerAnglesHint.x
      value: 91.832
      objectReference: {fileID: 0}
    - target: {fileID: 4892249954168564, guid: e8759f37ba76b9340bd47646c47106ed, type: 3}
      propertyPath: m_LocalEulerAnglesHint.y
      value: 0
      objectReference: {fileID: 0}
    - target: {fileID: 4892249954168564, guid: e8759f37ba76b9340bd47646c47106ed, type: 3}
      propertyPath: m_LocalEulerAnglesHint.z
      value: 0
      objectReference: {fileID: 0}
    - target: {fileID: 4892249954168564, guid: e8759f37ba76b9340bd47646c47106ed, type: 3}
      propertyPath: m_LocalScale.x
      value: 1.2
      objectReference: {fileID: 0}
    - target: {fileID: 4892249954168564, guid: e8759f37ba76b9340bd47646c47106ed, type: 3}
      propertyPath: m_LocalScale.y
      value: 1.5
      objectReference: {fileID: 0}
    - target: {fileID: 4892249954168564, guid: e8759f37ba76b9340bd47646c47106ed, type: 3}
      propertyPath: m_LocalScale.z
      value: 1.2
      objectReference: {fileID: 0}
    m_RemovedComponents: []
  m_SourcePrefab: {fileID: 100100000, guid: e8759f37ba76b9340bd47646c47106ed, type: 3}
--- !u!1 &4514327375597261913 stripped
GameObject:
  m_CorrespondingSourceObject: {fileID: 1639710127390480, guid: e8759f37ba76b9340bd47646c47106ed,
    type: 3}
  m_PrefabInstance: {fileID: 4513679513060027209}
  m_PrefabAsset: {fileID: 0}
--- !u!4 &4517865670235194813 stripped
Transform:
  m_CorrespondingSourceObject: {fileID: 4892249954168564, guid: e8759f37ba76b9340bd47646c47106ed,
    type: 3}
  m_PrefabInstance: {fileID: 4513679513060027209}
  m_PrefabAsset: {fileID: 0}
--- !u!1001 &5998080128889612493
PrefabInstance:
  m_ObjectHideFlags: 0
  serializedVersion: 2
  m_Modification:
    m_TransformParent: {fileID: 5998080129326869337}
    m_Modifications:
    - target: {fileID: 100050, guid: 9b8801d8aa383584b8c3f62346c33539, type: 3}
      propertyPath: m_Name
      value: 2Hand-Sword
      objectReference: {fileID: 0}
    - target: {fileID: 100050, guid: 9b8801d8aa383584b8c3f62346c33539, type: 3}
      propertyPath: m_IsActive
      value: 0
      objectReference: {fileID: 0}
    - target: {fileID: 400050, guid: 9b8801d8aa383584b8c3f62346c33539, type: 3}
      propertyPath: m_LocalPosition.x
      value: -0
      objectReference: {fileID: 0}
    - target: {fileID: 400050, guid: 9b8801d8aa383584b8c3f62346c33539, type: 3}
      propertyPath: m_LocalPosition.y
      value: 0
      objectReference: {fileID: 0}
    - target: {fileID: 400050, guid: 9b8801d8aa383584b8c3f62346c33539, type: 3}
      propertyPath: m_LocalPosition.z
      value: 0
      objectReference: {fileID: 0}
    - target: {fileID: 400050, guid: 9b8801d8aa383584b8c3f62346c33539, type: 3}
      propertyPath: m_LocalRotation.x
      value: 0
      objectReference: {fileID: 0}
    - target: {fileID: 400050, guid: 9b8801d8aa383584b8c3f62346c33539, type: 3}
      propertyPath: m_LocalRotation.y
      value: 0
      objectReference: {fileID: 0}
    - target: {fileID: 400050, guid: 9b8801d8aa383584b8c3f62346c33539, type: 3}
      propertyPath: m_LocalRotation.z
      value: 0
      objectReference: {fileID: 0}
    - target: {fileID: 400050, guid: 9b8801d8aa383584b8c3f62346c33539, type: 3}
      propertyPath: m_LocalRotation.w
      value: 1
      objectReference: {fileID: 0}
    - target: {fileID: 400050, guid: 9b8801d8aa383584b8c3f62346c33539, type: 3}
      propertyPath: m_RootOrder
      value: 5
      objectReference: {fileID: 0}
    - target: {fileID: 400050, guid: 9b8801d8aa383584b8c3f62346c33539, type: 3}
      propertyPath: m_LocalEulerAnglesHint.x
      value: 0
      objectReference: {fileID: 0}
    - target: {fileID: 400050, guid: 9b8801d8aa383584b8c3f62346c33539, type: 3}
      propertyPath: m_LocalEulerAnglesHint.y
      value: 0
      objectReference: {fileID: 0}
    - target: {fileID: 400050, guid: 9b8801d8aa383584b8c3f62346c33539, type: 3}
      propertyPath: m_LocalEulerAnglesHint.z
      value: 0
      objectReference: {fileID: 0}
    - target: {fileID: 400050, guid: 9b8801d8aa383584b8c3f62346c33539, type: 3}
      propertyPath: m_LocalScale.x
      value: 1
      objectReference: {fileID: 0}
    - target: {fileID: 2300010, guid: 9b8801d8aa383584b8c3f62346c33539, type: 3}
      propertyPath: m_ReceiveShadows
      value: 0
      objectReference: {fileID: 0}
    - target: {fileID: 2300010, guid: 9b8801d8aa383584b8c3f62346c33539, type: 3}
      propertyPath: m_DynamicOccludee
      value: 0
      objectReference: {fileID: 0}
    m_RemovedComponents: []
  m_SourcePrefab: {fileID: 100100000, guid: 9b8801d8aa383584b8c3f62346c33539, type: 3}
--- !u!4 &5998080128889746047 stripped
Transform:
  m_CorrespondingSourceObject: {fileID: 400050, guid: 9b8801d8aa383584b8c3f62346c33539,
    type: 3}
  m_PrefabInstance: {fileID: 5998080128889612493}
  m_PrefabAsset: {fileID: 0}
--- !u!1001 &5998080129131919978
PrefabInstance:
  m_ObjectHideFlags: 0
  serializedVersion: 2
  m_Modification:
    m_TransformParent: {fileID: 5998080129326869291}
    m_Modifications:
    - target: {fileID: 100050, guid: 9b8801d8aa383584b8c3f62346c33539, type: 3}
      propertyPath: m_Name
      value: 2Hand-Sword
      objectReference: {fileID: 0}
    - target: {fileID: 100050, guid: 9b8801d8aa383584b8c3f62346c33539, type: 3}
      propertyPath: m_IsActive
      value: 0
      objectReference: {fileID: 0}
    - target: {fileID: 400050, guid: 9b8801d8aa383584b8c3f62346c33539, type: 3}
      propertyPath: m_LocalPosition.x
      value: 0
      objectReference: {fileID: 0}
    - target: {fileID: 400050, guid: 9b8801d8aa383584b8c3f62346c33539, type: 3}
      propertyPath: m_LocalPosition.y
      value: 0
      objectReference: {fileID: 0}
    - target: {fileID: 400050, guid: 9b8801d8aa383584b8c3f62346c33539, type: 3}
      propertyPath: m_LocalPosition.z
      value: 0
      objectReference: {fileID: 0}
    - target: {fileID: 400050, guid: 9b8801d8aa383584b8c3f62346c33539, type: 3}
      propertyPath: m_LocalRotation.x
      value: 0
      objectReference: {fileID: 0}
    - target: {fileID: 400050, guid: 9b8801d8aa383584b8c3f62346c33539, type: 3}
      propertyPath: m_LocalRotation.y
      value: 0
      objectReference: {fileID: 0}
    - target: {fileID: 400050, guid: 9b8801d8aa383584b8c3f62346c33539, type: 3}
      propertyPath: m_LocalRotation.z
      value: 0
      objectReference: {fileID: 0}
    - target: {fileID: 400050, guid: 9b8801d8aa383584b8c3f62346c33539, type: 3}
      propertyPath: m_LocalRotation.w
      value: 1
      objectReference: {fileID: 0}
    - target: {fileID: 400050, guid: 9b8801d8aa383584b8c3f62346c33539, type: 3}
      propertyPath: m_RootOrder
      value: 5
      objectReference: {fileID: 0}
    - target: {fileID: 400050, guid: 9b8801d8aa383584b8c3f62346c33539, type: 3}
      propertyPath: m_LocalEulerAnglesHint.x
      value: 0
      objectReference: {fileID: 0}
    - target: {fileID: 400050, guid: 9b8801d8aa383584b8c3f62346c33539, type: 3}
      propertyPath: m_LocalEulerAnglesHint.y
      value: 0
      objectReference: {fileID: 0}
    - target: {fileID: 400050, guid: 9b8801d8aa383584b8c3f62346c33539, type: 3}
      propertyPath: m_LocalEulerAnglesHint.z
      value: 0
      objectReference: {fileID: 0}
    - target: {fileID: 400050, guid: 9b8801d8aa383584b8c3f62346c33539, type: 3}
      propertyPath: m_LocalScale.x
      value: 1
      objectReference: {fileID: 0}
    - target: {fileID: 400050, guid: 9b8801d8aa383584b8c3f62346c33539, type: 3}
      propertyPath: m_LocalScale.y
      value: 1
      objectReference: {fileID: 0}
    - target: {fileID: 400050, guid: 9b8801d8aa383584b8c3f62346c33539, type: 3}
      propertyPath: m_LocalScale.z
      value: 1
      objectReference: {fileID: 0}
    - target: {fileID: 2300010, guid: 9b8801d8aa383584b8c3f62346c33539, type: 3}
      propertyPath: m_ReceiveShadows
      value: 0
      objectReference: {fileID: 0}
    - target: {fileID: 2300010, guid: 9b8801d8aa383584b8c3f62346c33539, type: 3}
      propertyPath: m_DynamicOccludee
      value: 0
      objectReference: {fileID: 0}
    m_RemovedComponents: []
  m_SourcePrefab: {fileID: 100100000, guid: 9b8801d8aa383584b8c3f62346c33539, type: 3}
--- !u!4 &5998080129131782360 stripped
Transform:
  m_CorrespondingSourceObject: {fileID: 400050, guid: 9b8801d8aa383584b8c3f62346c33539,
    type: 3}
  m_PrefabInstance: {fileID: 5998080129131919978}
  m_PrefabAsset: {fileID: 0}
--- !u!1001 &5998080130525501253
PrefabInstance:
  m_ObjectHideFlags: 0
  serializedVersion: 2
  m_Modification:
    m_TransformParent: {fileID: 4517865670235194813}
    m_Modifications:
    - target: {fileID: 1395970019594326, guid: 91489dd1133e7704899e52e30ad0407f, type: 3}
      propertyPath: m_Name
      value: FlamethrowerNormalInfernal
      objectReference: {fileID: 0}
    - target: {fileID: 1395970019594326, guid: 91489dd1133e7704899e52e30ad0407f, type: 3}
      propertyPath: m_IsActive
      value: 0
      objectReference: {fileID: 0}
    - target: {fileID: 4991076794547878, guid: 91489dd1133e7704899e52e30ad0407f, type: 3}
      propertyPath: m_LocalPosition.x
      value: 0.035
      objectReference: {fileID: 0}
    - target: {fileID: 4991076794547878, guid: 91489dd1133e7704899e52e30ad0407f, type: 3}
      propertyPath: m_LocalPosition.y
      value: 0.149
      objectReference: {fileID: 0}
    - target: {fileID: 4991076794547878, guid: 91489dd1133e7704899e52e30ad0407f, type: 3}
      propertyPath: m_LocalPosition.z
      value: 0.006
      objectReference: {fileID: 0}
    - target: {fileID: 4991076794547878, guid: 91489dd1133e7704899e52e30ad0407f, type: 3}
      propertyPath: m_LocalRotation.x
      value: 0.35542786
      objectReference: {fileID: 0}
    - target: {fileID: 4991076794547878, guid: 91489dd1133e7704899e52e30ad0407f, type: 3}
      propertyPath: m_LocalRotation.y
      value: 0.6213366
      objectReference: {fileID: 0}
    - target: {fileID: 4991076794547878, guid: 91489dd1133e7704899e52e30ad0407f, type: 3}
      propertyPath: m_LocalRotation.z
      value: 0.59114647
      objectReference: {fileID: 0}
    - target: {fileID: 4991076794547878, guid: 91489dd1133e7704899e52e30ad0407f, type: 3}
      propertyPath: m_LocalRotation.w
      value: -0.37169594
      objectReference: {fileID: 0}
    - target: {fileID: 4991076794547878, guid: 91489dd1133e7704899e52e30ad0407f, type: 3}
      propertyPath: m_RootOrder
      value: 0
      objectReference: {fileID: 0}
    - target: {fileID: 4991076794547878, guid: 91489dd1133e7704899e52e30ad0407f, type: 3}
      propertyPath: m_LocalEulerAnglesHint.x
      value: 0
      objectReference: {fileID: 0}
    - target: {fileID: 4991076794547878, guid: 91489dd1133e7704899e52e30ad0407f, type: 3}
      propertyPath: m_LocalEulerAnglesHint.y
      value: 0
      objectReference: {fileID: 0}
    - target: {fileID: 4991076794547878, guid: 91489dd1133e7704899e52e30ad0407f, type: 3}
      propertyPath: m_LocalEulerAnglesHint.z
      value: 0
      objectReference: {fileID: 0}
    - target: {fileID: 4991076794547878, guid: 91489dd1133e7704899e52e30ad0407f, type: 3}
      propertyPath: m_LocalScale.x
      value: 0.8333328
      objectReference: {fileID: 0}
    - target: {fileID: 4991076794547878, guid: 91489dd1133e7704899e52e30ad0407f, type: 3}
      propertyPath: m_LocalScale.y
      value: 0.8329429
      objectReference: {fileID: 0}
    - target: {fileID: 4991076794547878, guid: 91489dd1133e7704899e52e30ad0407f, type: 3}
      propertyPath: m_LocalScale.z
      value: 0.667059
      objectReference: {fileID: 0}
    - target: {fileID: 198774771681796134, guid: 91489dd1133e7704899e52e30ad0407f,
        type: 3}
      propertyPath: prewarm
      value: 1
      objectReference: {fileID: 0}
    - target: {fileID: 198774771681796134, guid: 91489dd1133e7704899e52e30ad0407f,
        type: 3}
      propertyPath: startDelay.maxCurve.m_Curve.Array.data[0].value
      value: 0
      objectReference: {fileID: 0}
    - target: {fileID: 198774771681796134, guid: 91489dd1133e7704899e52e30ad0407f,
        type: 3}
      propertyPath: startDelay.maxCurve.m_Curve.Array.data[1].value
      value: 0
      objectReference: {fileID: 0}
    m_RemovedComponents: []
  m_SourcePrefab: {fileID: 100100000, guid: 91489dd1133e7704899e52e30ad0407f, type: 3}
